2842 4620
1248 238 1265 293 7

149 402 195 461 his
217 402 309 477 igitur
331 403 484 480 exemplis,
507 402 556 462 ubi
578 395 641 479 μέν
662 403 829 478 pronomini
846 392 910 480 ἐγώ
932 404 1129 480 postpositum
1146 407 1199 475 est,
1221 404 1266 463 vis

149 503 355 564 confirmativa
378 523 437 564 non
460 505 653 581 agnoscenda
675 509 729 564 est

233 606 309 665 lsaei
332 607 427 684 prima
450 607 545 666 oratio
568 606 683 682 incipit:
705 596 818 682 πολλὴ
841 599 901 682 μὲν
923 590 943 684 ἡ
961 591 1127 684 μεταβολή
1143 622 1200 684 μοι
1215 601 1267 685 γέ·
1340 629 1343 634 ·

147 723 258 787 γονεν,
289 707 337 768 ubi
360 708 434 769 nihil
457 712 503 768 est
531 707 611 785 quod
635 709 830 785 oppositionis
853 708 917 769 loco
940 709 1076 786 suppleri
1100 712 1207 786 possit,
1236 714 1267 770 et

147 812 333 872 Scboemann
361 811 401 870 ibi
431 811 522 887 pleno
550 809 614 869 iure
644 809 782 870 adnotat:
820 811 905 882 ,Non
929 810 1037 886 ubique
1060 822 1112 870 aut
1133 811 1267 888 intellegi

148 918 247 991 potest
275 917 327 972 aut
349 913 456 972 omissa
479 916 525 971 est
553 912 603 971 illa
626 930 696 987 pars
719 913 863 972 orationis
893 912 923 971 in
948 931 1008 988 qna
1031 914 1117 989 sequi
1139 912 1266 973 debebat

148 1010 185 1074 δέ
205 1014 261 1087 (sic
278 1015 429 1074 Hermann
445 1013 483 1072 ad
500 1013 566 1088 Vig.
581 1032 608 1090 p.
624 1016 697 1088 841,
719 1013 897 1090 Hoogeveni
913 1013 1048 1074 doctrina
1064 1015 1167 1091 partic.
1183 1013 1266 1088 456).

147 1118 266 1178 Scilicet
288 1117 318 1175 hi
346 1116 499 1192 propriam
526 1134 560 1174 ac
584 1115 760 1192 primitivam
789 1115 952 1192 particulae
975 1117 1031 1175 vim
1060 1118 1265 1177 concessivam

147 1223 293 1295 statuunt,
315 1237 393 1294 quae
416 1206 618 1295 βεβαιωτική
642 1219 742 1294 polius
765 1218 908 1278 vidctnr.“
958 1219 1019 1278 lam
1043 1219 1136 1279 simile
1159 1221 1266 1280 cratio-

146 1325 193 1382 nis
220 1324 335 1382 initium
362 1322 504 1381 habemus
531 1322 610 1396 apud
632 1319 853 1398 Thucydidem,
876 1323 916 1381 Vl
937 1326 1033 1394 68,1:
1066 1319 1183 1400 Πολλῇ
1203 1316 1265 1400 μὲν

146 1419 339 1504 παραινέσει
367 1418 400 1482 τί
430 1418 482 1483 δεῖ
506 1420 652 1501 χρῆσθαι
660 1442 671 1494 ;
707 1429 805 1483 tamen
836 1442 884 1484 res
912 1425 960 1484 hic
990 1426 1077 1486 aliter
1105 1444 1137 1486 se
1168 1427 1266 1487 habet.

147 1530 223 1588 Nam
253 1526 437 1587 confirmatio
468 1526 622 1585 enuntiato
651 1525 866 1601 interrogativo
895 1526 1042 1587 contineri
1071 1547 1131 1587 non
1158 1531 1267 1605 potest,
1367 1599 1368 1602 Ἴ

147 1634 177 1690 et
199 1629 346 1706 oppositio
369 1628 440 1687 mihi
463 1629 535 1686 satis
558 1632 660 1703 aperte
688 1628 718 1686 in
742 1628 784 1687 eis
813 1646 890 1704 quae
913 1633 1082 1705 sequuntur
1103 1631 1201 1690 inesse
1224 1631 1264 1689 vi-

148 1732 248 1791 detur:
282 1713 368 1808 ου’τὴ
396 1718 459 1808 γὰρ
489 1711 510 1808 ἦ
537 1718 733 1808 παρασκευὴ
762 1719 949 1808 ἱκανωτέρα
974 1746 1031 1807 μοι
1061 1725 1155 1790 δοκεῖ
1181 1719 1266 1790 εἶναι

147 1822 275 1911 θάρσος
296 1837 488 1909 παρασχεῖν.

231 1935 325 1995 Simili
342 1934 429 1994 modo
453 1934 551 1994 omnia
566 1935 703 2008 exempla
726 1935 870 2012 explicari
890 1940 1025 2014 possunt,
1047 1941 1081 1997 ut
1101 1936 1155 1995 Vss
1172 1939 1222 2010 66,
1238 1940 1265 2010 1,

147 2039 197 2114 qui
221 2038 305 2096 locus
326 2035 391 2112 ipse
418 2036 448 2094 in
472 2034 613 2094 orationis
635 2036 717 2096 initio
745 2041 804 2095 est:
828 2019 897 2094 Ὅτι
918 2029 980 2113 μὲν
1005 2026 1094 2094 καλὰ
1118 2023 1160 2094 τὰ
1182 2054 1265 2117 προ-

145 2134 341 2219 ειργασιιένα
367 2133 424 2196 καὶ
451 2121 535 2215 ὑπερ
562 2134 676 2196 καλῶν
702 2131 772 2196 τῶν
793 2127 991 2215 μελλόντων
1017 2122 1035 2197 ὁ
1061 2127 1152 2217 ἀγοὸν
1173 2131 1265 2200 ἐ’σται

147 2274 188 2282 -
211 2237 339 2301 δοκεῖτε
361 2224 441 2319 ἡμῖν
463 2232 595 2299 εἰδέναι.
642 2240 796 2317 Oppositio
826 2225 878 2300 ὅτι
902 2234 937 2300 δὲ
965 2236 1020 2300 καὶ
1043 2230 1191 2320 νικήσειν
1213 2235 1265 2301 ἐλ-

147 2339 203 2414 πίς
226 2336 295 2404 ἐστι
317 2337 380 2401 νῦν
403 2336 501 2418 δείξω
524 2341 674 2401 audienda
697 2348 743 2402 cst
770 2362 807 2402 ex
830 2345 930 2404 verbis
957 2344 1139 2421 paragraphi
1160 2363 1264 2406 sccun-

146 2448 218 2508 dae:
259 2431 456 2525 Ἀθηναίους
485 2433 547 2523 γὰρ
578 2430 637 2515 τὰς
663 2437 724 2522 μὲν
752 2435 950 2523 νενικήκατε
979 2435 1043 2525 ἤδη
1074 2441 1265 2525 ναυμαχίας,

146 2535 209 2623 τὴν
231 2533 264 2607 d'
280 2540 317 2606 ἐκ
338 2543 401 2607 τοῦ
418 2532 549 2616 εἰκότος
565 2543 629 2604 νῦν
644 2536 803 2626 νικήσετε.
828 2579 868 2588 -—
891 2550 935 2608 Ill
951 2552 981 2627 9,
997 2554 1029 2609 1:
1051 2538 1091 2606 τὸ
1104 2541 1167 2627 μὲν
1181 2547 1264 2607 καθ-

147 2640 239 2721 εστὸς
261 2656 332 2721 τοῖς
347 2634 478 2729 Ἕλλησι
501 2638 700 2726 νόμιμον-
716 2641 820 2727 lupam
848 2651 995 2727 oppositio
1016 2652 1186 2711 continetur
1201 2670 1264 2711 ver·

145 2756 203 2815 bis:
226 2738 245 2812 d
267 2736 424 2833 ἡμῖνκαὶ
445 2737 632 2831 Ἀθηναίοις
655 2738 719 2811 οὐκ
741 2737 791 2830 ἢν.
838 2753 932 2812 Etiam
955 2755 1087 2832 1109,2
1111 2753 1204 2813 verba
1226 2740 1266 2811 τὸ

144 2850 204 2934 μὲν
236 2839 299 2933 γὰρ
330 2850 470 2932 πρῶτον
501 2843 667 2932 ἐκράτουν
698 2870 764 2912 κτε.
798 2855 1013 2932 oppositionem
1046 2860 1186 2915 accurate
1216 2873 1266 2914 ex·

145 2976 277 3037 pressam
302 2976 361 3017 non
377 2958 539 3035 accipiunt,
562 2957 739 3016 subauditur
755 2961 853 3016 autem
877 2958 907 3016 in
931 2957 988 3017 his:
1012 2940 1048 3028 ὃς
1064 2941 1266 3035 ἀφικόμενος

105 3140 107 3144 ⁴
144 3092 186 3100 —
213 3049 381 3138 ἐκράτησε.
433 3060 475 3119 lV
497 3064 587 3134 73‚4
614 3060 728 3120 vorbis:
763 3045 854 3119 οὕτω
884 3049 923 3138 δὴ
953 3057 1003 3139 τῷ
1032 3052 1092 3137 μὲν
1118 3055 1266 3142 Βρασίδᾳ

57 3164 61 3173 ’
145 3148 237 3241 αὐτῷ
260 3194 301 3202 -
324 3146 497 3239 ἀνοίγουσι
518 3148 578 3232 τὰς
599 3150 709 3232 πύλας
736 3162 959 3239 responsionem
981 3163 1083 3239 sequi:
1114 3153 1147 3220 οἱ
1170 3156 1205 3221 δὲ
1228 3154 1265 3221 ἓν

144 3261 185 3341 τῇ
206 3254 303 3323 πόλει
325 3295 367 3303 ——
389 3253 573 3341 κατάγουσι
591 3253 678 3334 ,τούς
705 3255 743 3321 ἐκ
765 3260 889 3343 Πηγῶν
919 3264 992 3324 vidit
1018 3265 1075 3324 iam
1103 3264 1264 3339 Haackius,

146 3361 182 3426 δέ
203 3372 301 3427 autem
324 3367 420 3443 ipsum
449 3385 509 3426 nou
536 3365 574 3425 ad
597 3365 668 3425 illud
688 3359 749 3442 μέν
776 3367 912 3444 respicit,
942 3367 993 3427 sed
1021 3366 1059 3426 ad
1081 3367 1184 3443 priora
1211 3387 1263 3427 an·

144 3471 245 3531 nectit.
288 3469 426 3530 Similiter
448 3469 476 3527 Π
493 3472 542 3546 74,
557 3472 592 3528 2:
621 3465 760 3546 πρῶτον
781 3463 844 3546 μὲν
862 3462 895 3541 ἐς
910 3462 1150 3549 ἐπιμαρτυρίαν
1166 3454 1264 3548 Ἀρχί-

144 3568 253 3650 δαμος
271 3601 309 3611 -
332 3565 475 3649 κατέστη
497 3600 548 3628 -.
594 3567 746 3630 Τοσαῦτα
769 3557 962 3642 ἐπιθειάσας
984 3565 1125 3651 κατέστη
1149 3564 1181 3642 ἐς
1203 3561 1264 3630 πό-

144 3672 246 3751 λεμον
268 3689 334 3732 κτε.
380 3673 501 3733 Plenius
518 3671 655 3732 dixisset:
682 3666 903 3751 τοσαῦταμὲν
919 3665 1125 3746 ἒπεθεὶασεν,
1149 3664 1263 3732 ἔπειτα

143 3770 294 3855 κατέστη.
317 3807 359 3815 -
382 3776 395 3834 Ι
417 3779 499 3853 10,1
523 3778 591 3851 post
613 3776 720 3835 verba:
743 3771 809 3835 Kal
830 3759 882 3835 ὅτι
896 3769 956 3853 μὲν
972 3773 1128 3854 Μυκῆναι
1143 3766 1265 3854 μικρὸν

143 3859 185 3957 ἦν
208 3911 249 3919 -
272 3864 335 3936 οὐκ
365 3862 495 3957 ἀκριβεῖ
520 3866 564 3937 ἀν
586 3894 636 3947 τις
659 3909 698 3918 -
722 3862 879 3958 ἀπιστοίη
905 3879 1088 3961 respondero
1116 3879 1191 3950 §32
1223 3863 1263 3938 οὐ

143 4013 184 4023 -
199 3979 329 4060 μᾶλλον
344 3987 484 4041 σκοπεῖν
499 3967 519 4061 ἢ
534 3972 594 4051 τὰς
610 3970 765 4059 δυνάμεις
788 3987 868 4042 recte
884 3981 958 4042 vidit
973 3984 1119 4059 Krueger.
1157 3985 1262 4042 Baium-

144 4085 233 4144 lcinio
257 4083 409 4143 collocatio
433 4084 598 4160 particulae
617 4076 678 4161 μέν
700 4084 856 4159 scrupulos
872 4103 992 4144 movere
1013 4103 1073 4144 non
1089 4085 1203 4161 debuit,
1225 4085 1262 4144 cf.

144 4187 314 4264 exemplum
337 4186 417 4263 quod
441 4185 529 4245 modo
551 4186 647 4265 attuli,
666 4187 722 4247 Vll
738 4189 795 4249 (itit
817 4172 873 4245 ὅτε
896 4180 954 4265 μεν
978 4176 1072 4244 autb
1089 4203 1166 4241 ans.
