<?xml version="1.0" encoding="UTF-8"?>
<!DOCTYPE html PUBLIC "-//W3C//DTD XHTML 1.0 Transitional//EN"
    "http://www.w3.org/TR/xhtml1/DTD/xhtml1-transitional.dtd">
<html xmlns="http://www.w3.org/1999/xhtml" xml:lang="en" lang="en">
 <head>
  <title>
</title>
<meta http-equiv="Content-Type" content="text/html;charset=utf-8" />
  <meta name='ocr-system' content='tesseract 3.04.00' />
  <meta name='ocr-capabilities' content='ocr_page ocr_carea ocr_par ocr_line ocrx_word'/>
</head>
<body>
  <div class='ocr_page' id='page_1' title='image "./departicularumm00oeltgoog_0037.png"; bbox 0 0 2842 4620; ppageno 0'>
   <div class='ocr_carea' id='block_1_1' title="bbox 172 217 211 275">
    <p class='ocr_par' dir='ltr' id='par_1_1' title="bbox 172 217 211 275">
     <span class='ocr_line' id='line_1_1' title="bbox 172 217 211 275; baseline -0.026 0"><span class='ocrx_word' id='word_1_1' title='bbox 172 217 211 275; x_wconf 80' lang='lat'>32</span> 
     </span>
    </p>
   </div>
   <div class='ocr_carea' id='block_1_2' title="bbox 170 375 1293 667">
    <p class='ocr_par' dir='ltr' id='par_1_2' title="bbox 170 375 1293 667">
     <span class='ocr_line' id='line_1_2' title="bbox 256 375 1292 466; baseline 0.006 -25"><span class='ocrx_word' id='word_1_2' title='bbox 256 382 314 442; x_wconf 86' lang='lat' dir='ltr'>Sed</span> <span class='ocrx_word' id='word_1_3' title='bbox 346 403 384 444; x_wconf 90' lang='lat' dir='ltr'>ne</span> <span class='ocrx_word' id='word_1_4' title='bbox 413 385 500 444; x_wconf 91' lang='lat' dir='ltr'>tertio</span> <span class='ocrx_word' id='word_1_5' title='bbox 531 384 650 461; x_wconf 88' lang='lat' dir='ltr'>quidem</span> <span class='ocrx_word' id='word_1_6' title='bbox 688 385 755 444; x_wconf 91' lang='lat' dir='ltr'>loco</span> <span class='ocrx_word' id='word_1_7' title='bbox 785 404 903 466; x_wconf 87' lang='lat' dir='ltr'>semper</span> <span class='ocrx_word' id='word_1_8' title='bbox 933 387 1108 463; x_wconf 79' lang='lat' dir='ltr'><strong>particulam</strong></span> <span class='ocrx_word' id='word_1_9' title='bbox 1143 375 1179 445; x_wconf 75' lang='grc' dir='ltr'>δέ</span> <span class='ocrx_word' id='word_1_10' title='bbox 1208 407 1292 447; x_wconf 91' lang='lat' dir='ltr'>usur-</span> 
     </span>
     <span class='ocr_line' id='line_1_3' title="bbox 171 481 1293 566; baseline 0.003 -21"><span class='ocrx_word' id='word_1_11' title='bbox 171 495 272 562; x_wconf 87' lang='lat' dir='ltr'>patam</span> <span class='ocrx_word' id='word_1_12' title='bbox 297 503 361 544; x_wconf 89' lang='lat' dir='ltr'>esse</span> <span class='ocrx_word' id='word_1_13' title='bbox 384 486 529 558; x_wconf 90' lang='lat' dir='ltr'>videmus,</span> <span class='ocrx_word' id='word_1_14' title='bbox 553 505 611 546; x_wconf 93' lang='lat' dir='ltr'>non</span> <span class='ocrx_word' id='word_1_15' title='bbox 636 506 704 547; x_wconf 94' lang='lat' dir='ltr'>raro</span> <span class='ocrx_word' id='word_1_16' title='bbox 728 488 815 547; x_wconf 91' lang='lat' dir='ltr'>etiam</span> <span class='ocrx_word' id='word_1_17' title='bbox 839 481 885 558; x_wconf 81' lang='grc' dir='ltr'>τέ,</span> <span class='ocrx_word' id='word_1_18' title='bbox 908 488 998 564; x_wconf 88' lang='lat' dir='ltr'>idque</span> <span class='ocrx_word' id='word_1_19' title='bbox 1022 507 1080 548; x_wconf 93' lang='lat' dir='ltr'>non</span> <span class='ocrx_word' id='word_1_20' title='bbox 1103 489 1198 548; x_wconf 90' lang='lat' dir='ltr'>solum</span> <span class='ocrx_word' id='word_1_21' title='bbox 1223 496 1293 566; x_wconf 89' lang='lat' dir='ltr'>post</span> 
     </span>
     <span class='ocr_line' id='line_1_4' title="bbox 170 581 1293 667; baseline 0.004 -22"><span class='ocrx_word' id='word_1_22' title='bbox 170 581 231 665; x_wconf 80' lang='grc' dir='ltr'>μέν</span> <span class='ocrx_word' id='word_1_23' title='bbox 254 619 296 626; x_wconf 92' lang='grc'>-</span> <span class='ocrx_word' id='word_1_24' title='bbox 319 581 364 659; x_wconf 72' lang='grc' dir='ltr'>δέ,</span> <span class='ocrx_word' id='word_1_25' title='bbox 390 588 441 646; x_wconf 87' lang='lat' dir='ltr'>sod</span> <span class='ocrx_word' id='word_1_26' title='bbox 465 590 551 648; x_wconf 84' lang='lat' dir='ltr'>etiarn</span> <span class='ocrx_word' id='word_1_27' title='bbox 576 594 643 664; x_wconf 91' lang='lat' dir='ltr'>post</span> <span class='ocrx_word' id='word_1_28' title='bbox 665 583 763 646; x_wconf 84' lang='grc' dir='ltr'>τέ-</span> <span class='ocrx_word' id='word_1_29' title='bbox 787 584 856 661; x_wconf 82' lang='grc' dir='ltr'><strong>καί,</strong></span> <span class='ocrx_word' id='word_1_30' title='bbox 879 583 936 646; x_wconf 85' lang='grc' dir='ltr'>καί</span> <span class='ocrx_word' id='word_1_31' title='bbox 959 591 1032 650; x_wconf 90' lang='lat' dir='ltr'>alias</span> <span class='ocrx_word' id='word_1_32' title='bbox 1055 591 1293 667; x_wconf 86' lang='lat' dir='ltr'>conjunctiones.</span> 
     </span>
    </p>
   </div>
   <div class='ocr_carea' id='block_1_3' title="bbox 172 689 1389 764">
    <p class='ocr_par' dir='ltr' id='par_1_3' title="bbox 172 689 1389 764">
     <span class='ocr_line' id='line_1_5' title="bbox 172 689 1389 764; baseline 0.003 -15"><span class='ocrx_word' id='word_1_33' title='bbox 172 691 267 764; x_wconf 80' lang='lat' dir='ltr'>Quam</span> <span class='ocrx_word' id='word_1_34' title='bbox 291 710 353 749; x_wconf 92' lang='lat' dir='ltr'>rem</span> <span class='ocrx_word' id='word_1_35' title='bbox 376 698 466 750; x_wconf 89' lang='lat' dir='ltr'>antea</span> <span class='ocrx_word' id='word_1_36' title='bbox 488 693 640 750; x_wconf 89' lang='lat' dir='ltr'>nonsatis</span> <span class='ocrx_word' id='word_1_37' title='bbox 663 691 883 751; x_wconf 77' lang='lat' dir='ltr'><strong>consideratam</strong></span> <span class='ocrx_word' id='word_1_38' title='bbox 899 692 1082 752; x_wconf 82' lang='lat' dir='ltr'>Classenium</span> <span class='ocrx_word' id='word_1_39' title='bbox 1108 695 1137 752; x_wconf 93' lang='lat' dir='ltr'>iu</span> <span class='ocrx_word' id='word_1_40' title='bbox 1162 693 1293 753; x_wconf 91' lang='lat' dir='ltr'>editione</span> <span class='ocrx_word' id='word_1_41' title='bbox 1386 689 1389 693; x_wconf 74' lang='grc'><strong>’</strong></span> 
     </span>
    </p>
   </div>
   <div class='ocr_carea' id='block_1_4' title="bbox 170 791 1365 4148">
    <p class='ocr_par' dir='ltr' id='par_1_4' title="bbox 170 791 1365 3637">
     <span class='ocr_line' id='line_1_6' title="bbox 172 791 1292 871; baseline 0.002 -18"><span class='ocrx_word' id='word_1_42' title='bbox 172 811 227 853; x_wconf 89' lang='lat' dir='ltr'>sna</span> <span class='ocrx_word' id='word_1_43' title='bbox 249 791 360 869; x_wconf 88' lang='lat' dir='ltr'>passim</span> <span class='ocrx_word' id='word_1_44' title='bbox 377 792 509 867; x_wconf 78' lang='lat' dir='ltr'>attigisse</span> <span class='ocrx_word' id='word_1_45' title='bbox 532 792 659 851; x_wconf 82' lang='lat' dir='ltr'>libenter</span> <span class='ocrx_word' id='word_1_46' title='bbox 674 811 815 867; x_wconf 89' lang='lat' dir='ltr'>agnosco.</span> <span class='ocrx_word' id='word_1_47' title='bbox 858 794 1003 871; x_wconf 79' lang='lat' dir='ltr'>Exempla</span> <span class='ocrx_word' id='word_1_48' title='bbox 1025 812 1097 853; x_wconf 88' lang='lat' dir='ltr'>vero</span> <span class='ocrx_word' id='word_1_49' title='bbox 1121 794 1159 854; x_wconf 92' lang='lat' dir='ltr'>ad</span> <span class='ocrx_word' id='word_1_50' title='bbox 1181 799 1292 855; x_wconf 88' lang='lat' dir='ltr'>certam</span> 
     </span>
     <span class='ocr_line' id='line_1_7' title="bbox 174 889 1293 973; baseline 0.003 -20"><span class='ocrx_word' id='word_1_51' title='bbox 174 894 305 972; x_wconf 89' lang='lat' dir='ltr'>regulam</span> <span class='ocrx_word' id='word_1_52' title='bbox 331 912 474 954; x_wconf 83' lang='lat' dir='ltr'>revocare</span> <span class='ocrx_word' id='word_1_53' title='bbox 506 913 553 953; x_wconf 89' lang='lat' dir='ltr'>res</span> <span class='ocrx_word' id='word_1_54' title='bbox 580 899 633 954; x_wconf 87' lang='lat' dir='ltr'>est·</span> <span class='ocrx_word' id='word_1_55' title='bbox 647 894 830 954; x_wconf 87' lang='lat' dir='ltr'>difficillima.</span> <span class='ocrx_word' id='word_1_56' title='bbox 873 889 980 972; x_wconf 73' lang='lat' dir='ltr'>Atque}</span> <span class='ocrx_word' id='word_1_57' title='bbox 1002 897 1059 955; x_wconf 88' lang='lat' dir='ltr'>hoc</span> <span class='ocrx_word' id='word_1_58' title='bbox 1081 896 1201 973; x_wconf 88' lang='lat' dir='ltr'>quidem</span> <span class='ocrx_word' id='word_1_59' title='bbox 1225 916 1293 973; x_wconf 91' lang='lat' dir='ltr'>per-</span> 
     </span>
     <span class='ocr_line' id='line_1_8' title="bbox 171 997 1294 1077; baseline 0.002 -20"><span class='ocrx_word' id='word_1_60' title='bbox 171 998 310 1058; x_wconf 89' lang='lat' dir='ltr'>lustranti</span> <span class='ocrx_word' id='word_1_61' title='bbox 333 998 401 1056; x_wconf 92' lang='lat' dir='ltr'>mihi</span> <span class='ocrx_word' id='word_1_62' title='bbox 425 997 561 1072; x_wconf 85' lang='lat' dir='ltr'>exempla</span> <span class='ocrx_word' id='word_1_63' title='bbox 584 1002 702 1057; x_wconf 84' lang='lat' dir='ltr'>constat</span> <span class='ocrx_word' id='word_1_64' title='bbox 725 998 836 1075; x_wconf 89' lang='lat' dir='ltr'>ubique</span> <span class='ocrx_word' id='word_1_65' title='bbox 858 997 969 1074; x_wconf 86' lang='lat' dir='ltr'>aliquid</span> <span class='ocrx_word' id='word_1_66' title='bbox 993 998 1081 1074; x_wconf 92' lang='lat' dir='ltr'>plane</span> <span class='ocrx_word' id='word_1_67' title='bbox 1105 999 1188 1075; x_wconf 89' lang='lat' dir='ltr'>novi,</span> <span class='ocrx_word' id='word_1_68' title='bbox 1211 1000 1294 1077; x_wconf 91' lang='lat' dir='ltr'>quod</span> 
     </span>
     <span class='ocr_line' id='line_1_9' title="bbox 172 1101 1293 1176; baseline 0.001 -16"><span class='ocrx_word' id='word_1_69' title='bbox 172 1101 293 1160; x_wconf 89' lang='lat' dir='ltr'>omnino</span> <span class='ocrx_word' id='word_1_70' title='bbox 316 1101 391 1159; x_wconf 87' lang='lat' dir='ltr'>alius</span> <span class='ocrx_word' id='word_1_71' title='bbox 414 1101 534 1176; x_wconf 92' lang='lat' dir='ltr'>generis</span> <span class='ocrx_word' id='word_1_72' title='bbox 563 1106 609 1159; x_wconf 90' lang='lat' dir='ltr'>est</span> <span class='ocrx_word' id='word_1_73' title='bbox 636 1118 723 1176; x_wconf 88' lang='lat' dir='ltr'>quaro</span> <span class='ocrx_word' id='word_1_74' title='bbox 752 1120 829 1175; x_wconf 90' lang='lat' dir='ltr'>quas</span> <span class='ocrx_word' id='word_1_75' title='bbox 852 1102 953 1176; x_wconf 90' lang='lat' dir='ltr'>priora</span> <span class='ocrx_word' id='word_1_76' title='bbox 983 1101 1114 1161; x_wconf 92' lang='lat' dir='ltr'>membra</span> <span class='ocrx_word' id='word_1_77' title='bbox 1137 1103 1293 1162; x_wconf 81' lang='lat' dir='ltr'>continent</span> 
     </span>
     <span class='ocr_line' id='line_1_10' title="bbox 173 1201 1296 1280; baseline 0.001 -18"><span class='ocrx_word' id='word_1_78' title='bbox 173 1203 254 1278; x_wconf 88' lang='lat' dir='ltr'>addi,</span> <span class='ocrx_word' id='word_1_79' title='bbox 277 1204 318 1262; x_wconf 88' lang='lat' dir='ltr'>ita</span> <span class='ocrx_word' id='word_1_80' title='bbox 348 1208 381 1261; x_wconf 95' lang='lat' dir='ltr'>ut</span> <span class='ocrx_word' id='word_1_81' title='bbox 409 1203 501 1262; x_wconf 91' lang='lat' dir='ltr'>multo</span> <span class='ocrx_word' id='word_1_82' title='bbox 524 1201 633 1262; x_wconf 82' lang='lat' dir='ltr'>artiore</span> <span class='ocrx_word' id='word_1_83' title='bbox 661 1201 883 1261; x_wconf 79' lang='lat' dir='ltr'>necessitudine</span> <span class='ocrx_word' id='word_1_84' title='bbox 905 1204 981 1261; x_wconf 90' lang='lat' dir='ltr'>inter</span> <span class='ocrx_word' id='word_1_85' title='bbox 1010 1222 1042 1263; x_wconf 90' lang='lat' dir='ltr'>se</span> <span class='ocrx_word' id='word_1_86' title='bbox 1072 1203 1296 1280; x_wconf 84' lang='lat' dir='ltr'>conjungantur</span> 
     </span>
     <span class='ocr_line' id='line_1_11' title="bbox 172 1298 1295 1382; baseline 0.001 -18"><span class='ocrx_word' id='word_1_87' title='bbox 172 1307 231 1375; x_wconf 87' lang='lat' dir='ltr'>dno</span> <span class='ocrx_word' id='word_1_88' title='bbox 255 1306 385 1365; x_wconf 92' lang='lat' dir='ltr'>membra</span> <span class='ocrx_word' id='word_1_89' title='bbox 400 1323 478 1380; x_wconf 83' lang='lat' dir='ltr'>quae</span> <span class='ocrx_word' id='word_1_90' title='bbox 501 1305 663 1381; x_wconf 88' lang='lat' dir='ltr'>particulas</span> <span class='ocrx_word' id='word_1_91' title='bbox 685 1298 746 1380; x_wconf 74' lang='grc' dir='ltr'>μέν</span> <span class='ocrx_word' id='word_1_92' title='bbox 763 1307 792 1363; x_wconf 94' lang='lat' dir='ltr'>ot</span> <span class='ocrx_word' id='word_1_93' title='bbox 807 1298 844 1362; x_wconf 82' lang='grc' dir='ltr'>δέ</span> <span class='ocrx_word' id='word_1_94' title='bbox 866 1305 985 1382; x_wconf 77' lang='lat' dir='ltr'>hahent,</span> <span class='ocrx_word' id='word_1_95' title='bbox 1009 1324 1097 1381; x_wconf 87' lang='lat' dir='ltr'>quam</span> <span class='ocrx_word' id='word_1_96' title='bbox 1121 1324 1187 1364; x_wconf 93' lang='lat' dir='ltr'>cum</span> <span class='ocrx_word' id='word_1_97' title='bbox 1204 1308 1295 1366; x_wconf 91' lang='lat' dir='ltr'>tertio</span> 
     </span>
     <span class='ocr_line' id='line_1_12' title="bbox 170 1401 1294 1486; baseline 0.001 -19"><span class='ocrx_word' id='word_1_98' title='bbox 170 1409 221 1468; x_wconf 94' lang='lat' dir='ltr'>illo</span> <span class='ocrx_word' id='word_1_99' title='bbox 244 1408 324 1485; x_wconf 82' lang='lat' dir='ltr'>qruod</span> <span class='ocrx_word' id='word_1_100' title='bbox 348 1427 403 1486; x_wconf 92' lang='lat' dir='ltr'>per</span> <span class='ocrx_word' id='word_1_101' title='bbox 434 1401 471 1465; x_wconf 85' lang='grc' dir='ltr'>τέ</span> <span class='ocrx_word' id='word_1_102' title='bbox 493 1407 675 1484; x_wconf 90' lang='lat' dir='ltr'>adjungitur.</span> <span class='ocrx_word' id='word_1_103' title='bbox 726 1407 844 1467; x_wconf 87' lang='lat' dir='ltr'>Scilicet</span> <span class='ocrx_word' id='word_1_104' title='bbox 867 1407 1013 1485; x_wconf 87' lang='lat' dir='ltr'>ejusmodi</span> <span class='ocrx_word' id='word_1_105' title='bbox 1039 1408 1101 1485; x_wconf 89' lang='lat' dir='ltr'>jam</span> <span class='ocrx_word' id='word_1_106' title='bbox 1128 1404 1294 1468; x_wconf 84' lang='lat' dir='ltr'>¹nonnullos</span> 
     </span>
     <span class='ocr_line' id='line_1_13' title="bbox 171 1503 1295 1586; baseline 0.002 -17"><span class='ocrx_word' id='word_1_107' title='bbox 171 1512 253 1570; x_wconf 91' lang='lat' dir='ltr'>locos</span> <span class='ocrx_word' id='word_1_108' title='bbox 275 1511 443 1569; x_wconf 84' lang='lat' dir='ltr'>invenimus</span> <span class='ocrx_word' id='word_1_109' title='bbox 472 1510 522 1569; x_wconf 89' lang='lat' dir='ltr'>ubi</span> <span class='ocrx_word' id='word_1_110' title='bbox 545 1511 632 1568; x_wconf 90' lang='lat' dir='ltr'>tertio</span> <span class='ocrx_word' id='word_1_111' title='bbox 666 1510 734 1569; x_wconf 88' lang='lat' dir='ltr'>loco</span> <span class='ocrx_word' id='word_1_112' title='bbox 764 1503 950 1586; x_wconf 17' lang='lat' dir='ltr'>de&#39;ypusitum</span> <span class='ocrx_word' id='word_1_113' title='bbox 979 1515 1033 1570; x_wconf 86' lang='lat' dir='ltr'>est.</span> <span class='ocrx_word' id='word_1_114' title='bbox 1084 1509 1142 1569; x_wconf 88' lang='lat' dir='ltr'>Sed</span> <span class='ocrx_word' id='word_1_115' title='bbox 1168 1510 1295 1571; x_wconf 88' lang='lat' dir='ltr'>vidimus</span> 
     </span>
     <span class='ocr_line' id='line_1_14' title="bbox 171 1605 1294 1691; baseline 0 -19"><span class='ocrx_word' id='word_1_116' title='bbox 171 1615 212 1674; x_wconf 87' lang='lat' dir='ltr'>ihi</span> <span class='ocrx_word' id='word_1_117' title='bbox 234 1614 410 1691; x_wconf 85' lang='lat' dir='ltr'>particulam</span> <span class='ocrx_word' id='word_1_118' title='bbox 440 1605 500 1690; x_wconf 80' lang='grc' dir='ltr'>μέν</span> <span class='ocrx_word' id='word_1_119' title='bbox 529 1630 606 1688; x_wconf 90' lang='lat' dir='ltr'>quae</span> <span class='ocrx_word' id='word_1_120' title='bbox 635 1611 673 1670; x_wconf 86' lang='lat' dir='ltr'>ad</span> <span class='ocrx_word' id='word_1_121' title='bbox 696 1613 797 1688; x_wconf 88' lang='lat' dir='ltr'>priora</span> <span class='ocrx_word' id='word_1_122' title='bbox 829 1614 959 1672; x_wconf 90' lang='lat' dir='ltr'>membra</span> <span class='ocrx_word' id='word_1_123' title='bbox 987 1614 1073 1673; x_wconf 89' lang='lat' dir='ltr'>simul</span> <span class='ocrx_word' id='word_1_124' title='bbox 1096 1615 1243 1690; x_wconf 88' lang='lat' dir='ltr'>pertineat</span> <span class='ocrx_word' id='word_1_125' title='bbox 1266 1620 1294 1674; x_wconf 92' lang='lat' dir='ltr'>et</span> 
     </span>
     <span class='ocr_line' id='line_1_15' title="bbox 173 1709 1294 1795; baseline -0.001 -18"><span class='ocrx_word' id='word_1_126' title='bbox 173 1718 333 1795; x_wconf 80' lang='lat' dir='ltr'>posteriori</span> <span class='ocrx_word' id='word_1_127' title='bbox 357 1709 392 1774; x_wconf 82' lang='grc' dir='ltr'>δέ</span> <span class='ocrx_word' id='word_1_128' title='bbox 414 1715 594 1791; x_wconf 86' lang='lat' dir='ltr'>respondeat</span> <span class='ocrx_word' id='word_1_129' title='bbox 616 1716 749 1793; x_wconf 88' lang='lat' dir='ltr'>suppleri</span> <span class='ocrx_word' id='word_1_130' title='bbox 771 1734 873 1792; x_wconf 86' lang='lat' dir='ltr'>posse,</span> <span class='ocrx_word' id='word_1_131' title='bbox 896 1734 955 1775; x_wconf 93' lang='lat' dir='ltr'>non</span> <span class='ocrx_word' id='word_1_132' title='bbox 979 1716 1020 1775; x_wconf 90' lang='lat' dir='ltr'>ita</span> <span class='ocrx_word' id='word_1_133' title='bbox 1043 1718 1094 1776; x_wconf 91' lang='lat' dir='ltr'>uhi</span> <span class='ocrx_word' id='word_1_134' title='bbox 1116 1717 1205 1776; x_wconf 90' lang='lat' dir='ltr'>tertio</span> <span class='ocrx_word' id='word_1_135' title='bbox 1227 1717 1294 1780; x_wconf 91' lang='lat' dir='ltr'>loco</span> 
     </span>
     <span class='ocr_line' id='line_1_16' title="bbox 171 1814 1294 1897; baseline 0 -20"><span class='ocrx_word' id='word_1_136' title='bbox 171 1814 209 1879; x_wconf 81' lang='grc' dir='ltr'><em>τέ</em></span> <span class='ocrx_word' id='word_1_137' title='bbox 236 1820 365 1897; x_wconf 85' lang='lat' dir='ltr'>positum</span> <span class='ocrx_word' id='word_1_138' title='bbox 398 1823 452 1878; x_wconf 82' lang='lat' dir='ltr'>cst</span> <span class='ocrx_word' id='word_1_139' title='bbox 502 1818 579 1876; x_wconf 84' lang='lat' dir='ltr'>&#39;Pum</span> <span class='ocrx_word' id='word_1_140' title='bbox 611 1819 688 1876; x_wconf 92' lang='lat' dir='ltr'>enim</span> <span class='ocrx_word' id='word_1_141' title='bbox 721 1818 843 1877; x_wconf 85' lang='lat' dir='ltr'>liberius</span> <span class='ocrx_word' id='word_1_142' title='bbox 873 1837 951 1877; x_wconf 88' lang='lat' dir='ltr'>nova</span> <span class='ocrx_word' id='word_1_143' title='bbox 981 1837 1030 1878; x_wconf 90' lang='lat' dir='ltr'>res</span> <span class='ocrx_word' id='word_1_144' title='bbox 1058 1819 1226 1895; x_wconf 80' lang='lat' dir='ltr'>applicatur</span> <span class='ocrx_word' id='word_1_145' title='bbox 1256 1820 1294 1877; x_wconf 90' lang='lat' dir='ltr'>ab</span> 
     </span>
     <span class='ocr_line' id='line_1_17' title="bbox 172 1919 1294 1998; baseline -0.002 -18"><span class='ocrx_word' id='word_1_146' title='bbox 172 1923 229 1981; x_wconf 92' lang='lat' dir='ltr'>illis</span> <span class='ocrx_word' id='word_1_147' title='bbox 251 1938 375 1998; x_wconf 90' lang='lat' dir='ltr'>prorsus</span> <span class='ocrx_word' id='word_1_148' title='bbox 399 1919 527 1996; x_wconf 84' lang='lat' dir='ltr'>diversa,</span> <span class='ocrx_word' id='word_1_149' title='bbox 551 1920 652 1995; x_wconf 86' lang='lat' dir='ltr'>itaque</span> <span class='ocrx_word' id='word_1_150' title='bbox 674 1937 763 1995; x_wconf 89' lang='lat' dir='ltr'>saepe</span> <span class='ocrx_word' id='word_1_151' title='bbox 787 1924 939 1978; x_wconf 89' lang='lat' dir='ltr'>structura</span> <span class='ocrx_word' id='word_1_152' title='bbox 964 1938 1085 1996; x_wconf 90' lang='lat' dir='ltr'>quoqne</span> <span class='ocrx_word' id='word_1_153' title='bbox 1101 1921 1294 1997; x_wconf 87' lang='lat' dir='ltr'>grammatica</span> 
     </span>
     <span class='ocr_line' id='line_1_18' title="bbox 173 2015 1293 2099; baseline -0.004 -16"><span class='ocrx_word' id='word_1_154' title='bbox 173 2025 315 2083; x_wconf 88' lang='lat' dir='ltr'>variatur.</span> <span class='ocrx_word' id='word_1_155' title='bbox 360 2023 529 2082; x_wconf 91' lang='lat' dir='ltr'>illustretur</span> <span class='ocrx_word' id='word_1_156' title='bbox 551 2039 600 2080; x_wconf 90' lang='lat' dir='ltr'>res</span> <span class='ocrx_word' id='word_1_157' title='bbox 623 2015 705 2098; x_wconf 92' lang='grc' dir='ltr'><strong>Ι33,</strong></span> <span class='ocrx_word' id='word_1_158' title='bbox 723 2026 754 2081; x_wconf 92' lang='lat'>1:</span> <span class='ocrx_word' id='word_1_159' title='bbox 778 2027 838 2080; x_wconf 91' lang='lat' dir='ltr'>tres</span> <span class='ocrx_word' id='word_1_160' title='bbox 861 2039 965 2080; x_wconf 84' lang='lat' dir='ltr'>causas</span> <span class='ocrx_word' id='word_1_161' title='bbox 986 2022 1147 2099; x_wconf 83' lang='lat' dir='ltr'>Corcyraei</span> <span class='ocrx_word' id='word_1_162' title='bbox 1163 2025 1293 2082; x_wconf 85' lang='lat' dir='ltr'>afferunt</span> 
     </span>
     <span class='ocr_line' id='line_1_19' title="bbox 174 2123 1292 2204; baseline -0.003 -19"><span class='ocrx_word' id='word_1_163' title='bbox 174 2127 282 2204; x_wconf 92' lang='lat' dir='ltr'>quihus</span> <span class='ocrx_word' id='word_1_164' title='bbox 302 2126 500 2185; x_wconf 85' lang='lat' dir='ltr'>Athenienses</span> <span class='ocrx_word' id='word_1_165' title='bbox 523 2123 560 2181; x_wconf 87' lang='lat' dir='ltr'>ad</span> <span class='ocrx_word' id='word_1_166' title='bbox 585 2123 691 2183; x_wconf 91' lang='lat' dir='ltr'>foedus</span> <span class='ocrx_word' id='word_1_167' title='bbox 708 2125 942 2200; x_wconf 86' lang='lat' dir='ltr'>societatemque</span> <span class='ocrx_word' id='word_1_168' title='bbox 965 2124 1153 2201; x_wconf 82' lang='lat' dir='ltr'>pangendum</span> <span class='ocrx_word' id='word_1_169' title='bbox 1179 2124 1292 2184; x_wconf 87' lang='lat' dir='ltr'>illicere</span> 
     </span>
     <span class='ocr_line' id='line_1_20' title="bbox 173 2226 1294 2303; baseline -0.004 -15"><span class='ocrx_word' id='word_1_170' title='bbox 173 2228 306 2288; x_wconf 85' lang='lat' dir='ltr'>student:</span> <span class='ocrx_word' id='word_1_171' title='bbox 341 2229 463 2303; x_wconf 89' lang='lat' dir='ltr'>primam</span> <span class='ocrx_word' id='word_1_172' title='bbox 495 2227 616 2285; x_wconf 87' lang='lat' dir='ltr'>offensis</span> <span class='ocrx_word' id='word_1_173' title='bbox 645 2226 787 2285; x_wconf 87' lang='lat' dir='ltr'>auxilium</span> <span class='ocrx_word' id='word_1_174' title='bbox 818 2227 941 2301; x_wconf 86' lang='lat' dir='ltr'>laturos,</span> <span class='ocrx_word' id='word_1_175' title='bbox 974 2226 1135 2286; x_wconf 92' lang='lat' dir='ltr'>secundam</span> <span class='ocrx_word' id='word_1_176' title='bbox 1166 2242 1294 2288; x_wconf 87' lang='lat' dir='ltr'>summas</span> 
     </span>
     <span class='ocr_line' id='line_1_21' title="bbox 174 2327 1295 2407; baseline -0.004 -18"><span class='ocrx_word' id='word_1_177' title='bbox 174 2332 287 2407; x_wconf 84' lang='lat' dir='ltr'>gratias</span> <span class='ocrx_word' id='word_1_178' title='bbox 320 2330 374 2389; x_wconf 90' lang='lat' dir='ltr'>sibi</span> <span class='ocrx_word' id='word_1_179' title='bbox 410 2328 619 2388; x_wconf 88' lang='lat' dir='ltr'>conciliaturus</span> <span class='ocrx_word' id='word_1_180' title='bbox 647 2346 724 2403; x_wconf 87' lang='lat' dir='ltr'>esse,</span> <span class='ocrx_word' id='word_1_181' title='bbox 760 2327 878 2387; x_wconf 90' lang='lat' dir='ltr'>tertiam</span> <span class='ocrx_word' id='word_1_182' title='bbox 906 2330 986 2404; x_wconf 89' lang='lat' dir='ltr'>ipsos</span> <span class='ocrx_word' id='word_1_183' title='bbox 1017 2327 1126 2401; x_wconf 81' lang='lat' dir='ltr'>(Coro.)</span> <span class='ocrx_word' id='word_1_184' title='bbox 1158 2347 1295 2404; x_wconf 89' lang='lat' dir='ltr'>magnam</span> 
     </span>
     <span class='ocr_line' id='line_1_22' title="bbox 175 2429 1295 2508; baseline -0.005 -17"><span class='ocrx_word' id='word_1_185' title='bbox 175 2433 298 2491; x_wconf 87' lang='lat' dir='ltr'>classem</span> <span class='ocrx_word' id='word_1_186' title='bbox 322 2430 485 2508; x_wconf 89' lang='lat' dir='ltr'>possidere.</span> <span class='ocrx_word' id='word_1_187' title='bbox 529 2429 649 2488; x_wconf 88' lang='lat' dir='ltr'>Priores</span> <span class='ocrx_word' id='word_1_188' title='bbox 664 2430 796 2489; x_wconf 90' lang='lat' dir='ltr'>rationes</span> <span class='ocrx_word' id='word_1_189' title='bbox 818 2431 903 2506; x_wconf 89' lang='lat' dir='ltr'>sequi</span> <span class='ocrx_word' id='word_1_190' title='bbox 920 2430 1082 2489; x_wconf 89' lang='lat' dir='ltr'>honestatis</span> <span class='ocrx_word' id='word_1_191' title='bbox 1103 2436 1154 2505; x_wconf 78' lang='lat' dir='ltr'>est,</span> <span class='ocrx_word' id='word_1_192' title='bbox 1176 2431 1295 2488; x_wconf 84' lang='lat' dir='ltr'>tertiam</span> 
     </span>
     <span class='ocr_line' id='line_1_23' title="bbox 175 2529 1296 2608; baseline -0.002 -14"><span class='ocrx_word' id='word_1_193' title='bbox 175 2535 325 2607; x_wconf 82' lang='lat' dir='ltr'>utilitatis,</span> <span class='ocrx_word' id='word_1_194' title='bbox 361 2535 429 2593; x_wconf 90' lang='lat' dir='ltr'>illae</span> <span class='ocrx_word' id='word_1_195' title='bbox 460 2532 559 2591; x_wconf 88' lang='lat' dir='ltr'>lutnro</span> <span class='ocrx_word' id='word_1_196' title='bbox 592 2531 799 2608; x_wconf 78' lang='lat' dir='ltr'>designantur,</span> <span class='ocrx_word' id='word_1_197' title='bbox 830 2532 903 2591; x_wconf 87' lang='lat' dir='ltr'>haec</span> <span class='ocrx_word' id='word_1_198' title='bbox 933 2533 1092 2608; x_wconf 90' lang='lat' dir='ltr'>praesenti.</span> <span class='ocrx_word' id='word_1_199' title='bbox 1144 2529 1296 2592; x_wconf 81' lang='lat' dir='ltr'>Simillima</span> 
     </span>
     <span class='ocr_line' id='line_1_24' title="bbox 174 2617 1294 2712; baseline -0.001 -16"><span class='ocrx_word' id='word_1_200' title='bbox 174 2641 245 2696; x_wconf 90' lang='lat' dir='ltr'>sunt</span> <span class='ocrx_word' id='word_1_201' title='bbox 267 2631 282 2694; x_wconf 91' lang='grc' dir='ltr'><strong>Ι</strong></span> <span class='ocrx_word' id='word_1_202' title='bbox 301 2641 369 2706; x_wconf 78' lang='lat'>121,</span> <span class='ocrx_word' id='word_1_203' title='bbox 387 2640 414 2696; x_wconf 77' lang='grc'>2.</span> <span class='ocrx_word' id='word_1_204' title='bbox 439 2639 507 2706; x_wconf 91' lang='grc'><strong>143,</strong></span> <span class='ocrx_word' id='word_1_205' title='bbox 523 2627 632 2712; x_wconf 83' lang='lat' dir='ltr'>5.—-V</span> <span class='ocrx_word' id='word_1_206' title='bbox 650 2639 697 2706; x_wconf 82' lang='grc'>14,</span> <span class='ocrx_word' id='word_1_207' title='bbox 714 2639 746 2695; x_wconf 88' lang='lat'>3:</span> <span class='ocrx_word' id='word_1_208' title='bbox 781 2617 1010 2694; x_wconf 90' lang='lat' dir='ltr'>Lacedaemonii</span> <span class='ocrx_word' id='word_1_209' title='bbox 1039 2635 1077 2693; x_wconf 91' lang='lat' dir='ltr'>ad</span> <span class='ocrx_word' id='word_1_210' title='bbox 1100 2652 1203 2711; x_wconf 91' lang='lat' dir='ltr'>pacem</span> <span class='ocrx_word' id='word_1_211' title='bbox 1227 2654 1294 2712; x_wconf 91' lang='lat' dir='ltr'>pro-</span> 
     </span>
     <span class='ocr_line' id='line_1_25' title="bbox 174 2731 1294 2819; baseline -0.001 -19"><span class='ocrx_word' id='word_1_212' title='bbox 174 2742 259 2819; x_wconf 90' lang='lat' dir='ltr'>pensi</span> <span class='ocrx_word' id='word_1_213' title='bbox 291 2747 392 2808; x_wconf 86' lang='lat' dir='ltr'>erant</span> <span class='ocrx_word' id='word_1_214' title='bbox 411 2746 441 2800; x_wconf 91' lang='lat' dir='ltr'>et</span> <span class='ocrx_word' id='word_1_215' title='bbox 474 2744 598 2818; x_wconf 91' lang='lat' dir='ltr'>propter</span> <span class='ocrx_word' id='word_1_216' title='bbox 628 2743 768 2800; x_wconf 84' lang='lat' dir='ltr'>externas</span> <span class='ocrx_word' id='word_1_217' title='bbox 800 2739 982 2798; x_wconf 88' lang='lat' dir='ltr'>calamitates</span> <span class='ocrx_word' id='word_1_218' title='bbox 1016 2731 1103 2816; x_wconf 79' lang='grc' dir='ltr'>(μέν)</span> <span class='ocrx_word' id='word_1_219' title='bbox 1139 2767 1178 2777; x_wconf 90' lang='grc'>-</span> <span class='ocrx_word' id='word_1_220' title='bbox 1210 2740 1294 2799; x_wconf 86' lang='lat' dir='ltr'>aliter</span> 
     </span>
     <span class='ocr_line' id='line_1_26' title="bbox 175 2831 1292 2919; baseline -0.004 -17"><span class='ocrx_word' id='word_1_221' title='bbox 175 2845 252 2903; x_wconf 90' lang='lat' dir='ltr'>enlm</span> <span class='ocrx_word' id='word_1_222' title='bbox 269 2847 358 2919; x_wconf 87' lang='lat' dir='ltr'>atque</span> <span class='ocrx_word' id='word_1_223' title='bbox 374 2834 625 2918; x_wconf 81' lang='lat' dir='ltr'>exspectaverant</span> <span class='ocrx_word' id='word_1_224' title='bbox 641 2840 748 2900; x_wconf 91' lang='lat' dir='ltr'>bellum</span> <span class='ocrx_word' id='word_1_225' title='bbox 766 2845 908 2899; x_wconf 88' lang='lat' dir='ltr'>evenerat</span> <span class='ocrx_word' id='word_1_226' title='bbox 922 2843 952 2898; x_wconf 88' lang='lat' dir='ltr'>et</span> <span class='ocrx_word' id='word_1_227' title='bbox 968 2831 1030 2916; x_wconf 66' lang='lat' dir='ltr'>(del</span> <span class='ocrx_word' id='word_1_228' title='bbox 1046 2839 1160 2915; x_wconf 91' lang='lat' dir='ltr'>Pyliam</span> <span class='ocrx_word' id='word_1_229' title='bbox 1178 2840 1292 2900; x_wconf 87' lang='lat' dir='ltr'>cladem</span> 
     </span>
     <span class='ocr_line' id='line_1_27' title="bbox 175 2936 1295 3022; baseline -0.003 -18"><span class='ocrx_word' id='word_1_230' title='bbox 175 2947 307 3022; x_wconf 86' lang='lat' dir='ltr'>graviter</span> <span class='ocrx_word' id='word_1_231' title='bbox 336 2944 486 3015; x_wconf 88' lang='lat' dir='ltr'>tulerunt,</span> <span class='ocrx_word' id='word_1_232' title='bbox 517 2961 582 3002; x_wconf 92' lang='lat' dir='ltr'>oum</span> <span class='ocrx_word' id='word_1_233' title='bbox 611 2943 785 3020; x_wconf 87' lang='lat' dir='ltr'>praesertim</span> <span class='ocrx_word' id='word_1_234' title='bbox 818 2936 897 3014; x_wconf 79' lang='grc' dir='ltr'>(καί)</span> <span class='ocrx_word' id='word_1_235' title='bbox 928 2941 995 3000; x_wconf 91' lang='lat' dir='ltr'>inde</span> <span class='ocrx_word' id='word_1_236' title='bbox 1026 2947 1055 3000; x_wconf 90' lang='lat' dir='ltr'>et</span> <span class='ocrx_word' id='word_1_237' title='bbox 1086 2940 1222 3018; x_wconf 78' lang='lat' dir='ltr'>Cytheris</span> <span class='ocrx_word' id='word_1_238' title='bbox 1253 2944 1295 3002; x_wconf 92' lang='lat' dir='ltr'>in·</span> 
     </span>
     <span class='ocr_line' id='line_1_28' title="bbox 175 3036 1294 3122; baseline -0.005 -13"><span class='ocrx_word' id='word_1_239' title='bbox 175 3048 330 3109; x_wconf 89' lang='lat' dir='ltr'>cursiones</span> <span class='ocrx_word' id='word_1_240' title='bbox 352 3048 381 3106; x_wconf 92' lang='lat' dir='ltr'>in</span> <span class='ocrx_word' id='word_1_241' title='bbox 406 3048 537 3122; x_wconf 87' lang='lat' dir='ltr'>ipsorum</span> <span class='ocrx_word' id='word_1_242' title='bbox 561 3063 650 3122; x_wconf 88' lang='lat' dir='ltr'>agros</span> <span class='ocrx_word' id='word_1_243' title='bbox 673 3045 780 3104; x_wconf 89' lang='lat' dir='ltr'>fierent</span> <span class='ocrx_word' id='word_1_244' title='bbox 794 3075 834 3084; x_wconf 92' lang='lat'><em>-</em></span> <span class='ocrx_word' id='word_1_245' title='bbox 851 3048 880 3103; x_wconf 91' lang='lat' dir='ltr'>et</span> <span class='ocrx_word' id='word_1_246' title='bbox 902 3036 965 3121; x_wconf 85' lang='grc' dir='ltr'>(τέ)</span> <span class='ocrx_word' id='word_1_247' title='bbox 986 3049 1109 3120; x_wconf 91' lang='lat' dir='ltr'>propter</span> <span class='ocrx_word' id='word_1_248' title='bbox 1125 3045 1294 3104; x_wconf 89' lang='lat' dir='ltr'>intestinam</span> 
     </span>
     <span class='ocr_line' id='line_1_29' title="bbox 176 3146 1365 3223; baseline -0.007 -15"><span class='ocrx_word' id='word_1_249' title='bbox 176 3149 369 3209; x_wconf 88' lang='lat' dir='ltr'>discordiam:</span> <span class='ocrx_word' id='word_1_250' title='bbox 397 3149 512 3208; x_wconf 89' lang='lat' dir='ltr'>helotes</span> <span class='ocrx_word' id='word_1_251' title='bbox 542 3149 620 3207; x_wconf 92' lang='lat' dir='ltr'>enim</span> <span class='ocrx_word' id='word_1_252' title='bbox 643 3148 680 3206; x_wconf 91' lang='lat' dir='ltr'>ad</span> <span class='ocrx_word' id='word_1_253' title='bbox 704 3147 830 3206; x_wconf 90' lang='lat' dir='ltr'>hostium</span> <span class='ocrx_word' id='word_1_254' title='bbox 858 3150 959 3223; x_wconf 91' lang='lat' dir='ltr'>partes</span> <span class='ocrx_word' id='word_1_255' title='bbox 981 3146 1172 3223; x_wconf 86' lang='lat' dir='ltr'>transfugere</span> <span class='ocrx_word' id='word_1_256' title='bbox 1195 3146 1296 3206; x_wconf 91' lang='lat' dir='ltr'>stude·</span> <span class='ocrx_word' id='word_1_257' title='bbox 1361 3193 1365 3200; x_wconf 95' lang='lat'>.</span> 
     </span>
     <span class='ocr_line' id='line_1_30' title="bbox 176 3233 1297 3329; baseline -0.005 -18"><span class='ocrx_word' id='word_1_258' title='bbox 176 3254 255 3312; x_wconf 90' lang='lat' dir='ltr'>bant.</span> <span class='ocrx_word' id='word_1_259' title='bbox 301 3253 396 3311; x_wconf 82' lang='lat' dir='ltr'>Etiam</span> <span class='ocrx_word' id='word_1_260' title='bbox 425 3245 527 3329; x_wconf 87' lang='grc'><strong>1138,</strong></span> <span class='ocrx_word' id='word_1_261' title='bbox 543 3254 574 3311; x_wconf 90' lang='lat'>3:</span> <span class='ocrx_word' id='word_1_262' title='bbox 604 3244 660 3308; x_wconf 88' lang='grc' dir='ltr'>καὶ</span> <span class='ocrx_word' id='word_1_263' title='bbox 690 3233 792 3327; x_wconf 70' lang='lat' dir='ltr'>dulc</span> <span class='ocrx_word' id='word_1_264' title='bbox 813 3239 895 3327; x_wconf 84' lang='grc' dir='ltr'><strong><em>μετὰ</em></strong></span> <span class='ocrx_word' id='word_1_265' title='bbox 922 3254 1033 3327; x_wconf 74' lang='grc' dir='ltr'><strong><em>χεῖρας</em></strong></span> <span class='ocrx_word' id='word_1_266' title='bbox 1063 3238 1132 3326; x_wconf 80' lang='grc' dir='ltr'><strong><em>ἐ’χοι</em></strong></span> <span class='ocrx_word' id='word_1_267' title='bbox 1162 3265 1230 3307; x_wconf 82' lang='grc' dir='ltr'><em>κτε.</em></span> <span class='ocrx_word' id='word_1_268' title='bbox 1260 3243 1297 3306; x_wconf 82' lang='grc' dir='ltr'>τέ</span> 
     </span>
     <span class='ocr_line' id='line_1_31' title="bbox 177 3346 1295 3431; baseline -0.004 -18"><span class='ocrx_word' id='word_1_269' title='bbox 177 3355 333 3431; x_wconf 88' lang='lat' dir='ltr'>particulis</span> <span class='ocrx_word' id='word_1_270' title='bbox 355 3347 416 3430; x_wconf 78' lang='grc' dir='ltr'>μέν</span> <span class='ocrx_word' id='word_1_271' title='bbox 438 3357 468 3412; x_wconf 94' lang='lat' dir='ltr'>et</span> <span class='ocrx_word' id='word_1_272' title='bbox 484 3346 520 3411; x_wconf 75' lang='grc' dir='ltr'>δέ</span> <span class='ocrx_word' id='word_1_273' title='bbox 535 3353 622 3412; x_wconf 92' lang='lat' dir='ltr'>simul</span> <span class='ocrx_word' id='word_1_274' title='bbox 647 3354 757 3430; x_wconf 91' lang='lat' dir='ltr'>opponi</span> <span class='ocrx_word' id='word_1_275' title='bbox 781 3357 908 3430; x_wconf 88' lang='lat' dir='ltr'>apparet</span> <span class='ocrx_word' id='word_1_276' title='bbox 924 3370 990 3411; x_wconf 91' lang='lat' dir='ltr'>cnm</span> <span class='ocrx_word' id='word_1_277' title='bbox 1014 3371 1050 3410; x_wconf 85' lang='lat' dir='ltr'>ex</span> <span class='ocrx_word' id='word_1_278' title='bbox 1066 3357 1178 3411; x_wconf 92' lang='lat' dir='ltr'>mutata</span> <span class='ocrx_word' id='word_1_279' title='bbox 1199 3351 1295 3411; x_wconf 80' lang='lat' dir='ltr'>forma</span> 
     </span>
     <span class='ocr_line' id='line_1_32' title="bbox 176 3453 1296 3531; baseline -0.005 -14"><span class='ocrx_word' id='word_1_280' title='bbox 176 3456 320 3517; x_wconf 87' lang='lat' dir='ltr'>enuntiati</span> <span class='ocrx_word' id='word_1_281' title='bbox 344 3464 404 3515; x_wconf 90' lang='lat' dir='ltr'>tum</span> <span class='ocrx_word' id='word_1_282' title='bbox 429 3475 445 3515; x_wconf 92' lang='lat' dir='ltr'>e</span> <span class='ocrx_word' id='word_1_283' title='bbox 468 3455 567 3514; x_wconf 90' lang='lat' dir='ltr'>verbis</span> <span class='ocrx_word' id='word_1_284' title='bbox 597 3473 674 3531; x_wconf 89' lang='lat' dir='ltr'>quac</span> <span class='ocrx_word' id='word_1_285' title='bbox 699 3455 891 3528; x_wconf 90' lang='lat' dir='ltr'>antecedunt,</span> <span class='ocrx_word' id='word_1_286' title='bbox 921 3473 1047 3531; x_wconf 91' lang='lat' dir='ltr'>quornm</span> <span class='ocrx_word' id='word_1_287' title='bbox 1072 3453 1217 3530; x_wconf 81' lang='lat' dir='ltr'>expositio</span> <span class='ocrx_word' id='word_1_288' title='bbox 1248 3454 1296 3512; x_wconf 89' lang='lat' dir='ltr'>hic</span> 
     </span>
     <span class='ocr_line' id='line_1_33' title="bbox 177 3537 1296 3637; baseline -0.006 -18"><span class='ocrx_word' id='word_1_289' title='bbox 177 3561 320 3637; x_wconf 85' lang='lat' dir='ltr'>sequitur.</span> <span class='ocrx_word' id='word_1_290' title='bbox 365 3560 440 3618; x_wconf 90' lang='lat' dir='ltr'>Nam</span> <span class='ocrx_word' id='word_1_291' title='bbox 465 3559 559 3617; x_wconf 90' lang='lat' dir='ltr'>verba</span> <span class='ocrx_word' id='word_1_292' title='bbox 582 3545 602 3615; x_wconf 76' lang='lat' dir='ltr'>d</span> <span class='ocrx_word' id='word_1_293' title='bbox 624 3550 684 3634; x_wconf 78' lang='grc' dir='ltr'>μὲν</span> <span class='ocrx_word' id='word_1_294' title='bbox 705 3546 787 3634; x_wconf 77' lang='grc' dir='ltr'>μετὰ</span> <span class='ocrx_word' id='word_1_295' title='bbox 806 3563 918 3634; x_wconf 74' lang='grc' dir='ltr'><strong><em>χεῖρας</em></strong></span> <span class='ocrx_word' id='word_1_296' title='bbox 940 3547 1008 3633; x_wconf 71' lang='grc' dir='ltr'><em>ἔχοι</em></span> <span class='ocrx_word' id='word_1_297' title='bbox 1031 3565 1061 3617; x_wconf 91' lang='lat' dir='ltr'>et</span> <span class='ocrx_word' id='word_1_298' title='bbox 1083 3537 1133 3614; x_wconf 74' lang='lat' dir='ltr'>oia&gt;</span> <span class='ocrx_word' id='word_1_299' title='bbox 1153 3551 1189 3615; x_wconf 80' lang='grc' dir='ltr'>δὲ</span> <span class='ocrx_word' id='word_1_300' title='bbox 1205 3542 1296 3614; x_wconf 71' lang='grc' dir='ltr'><em>ἄπει-</em></span> 
     </span>
    </p>

    <p class='ocr_par' dir='ltr' id='par_1_5' title="bbox 176 3639 1346 4148">
     <span class='ocr_line' id='line_1_34' title="bbox 176 3639 1346 3740; baseline -0.002 -21"><span class='ocrx_word' id='word_1_301' title='bbox 176 3679 235 3740; x_wconf 76' lang='grc' dir='ltr'>ρος</span> <span class='ocrx_word' id='word_1_302' title='bbox 258 3653 308 3740; x_wconf 74' lang='grc' dir='ltr'>εἴη</span> <span class='ocrx_word' id='word_1_303' title='bbox 332 3661 485 3736; x_wconf 86' lang='lat' dir='ltr'>explicant</span> <span class='ocrx_word' id='word_1_304' title='bbox 514 3656 586 3717; x_wconf 78' lang='grc' dir='ltr'>τῶν</span> <span class='ocrx_word' id='word_1_305' title='bbox 612 3655 813 3736; x_wconf 76' lang='grc' dir='ltr'><strong><em>παραχρῆμα</em></strong></span> <span class='ocrx_word' id='word_1_306' title='bbox 843 3647 1022 3736; x_wconf 76' lang='grc' dir='ltr'><em>κράτιστος</em></span> <span class='ocrx_word' id='word_1_307' title='bbox 1043 3647 1199 3735; x_wconf 77' lang='grc' dir='ltr'><strong>γνώμων,</strong></span> <span class='ocrx_word' id='word_1_308' title='bbox 1228 3675 1295 3717; x_wconf 90' lang='lat' dir='ltr'>cum</span> <span class='ocrx_word' id='word_1_309' title='bbox 1342 3639 1346 3649; x_wconf 44' lang='lat'><strong>¹</strong></span> 
     </span>
     <span class='ocr_line' id='line_1_35' title="bbox 176 3745 1296 3841; baseline -0.003 -20"><span class='ocrx_word' id='word_1_310' title='bbox 176 3761 245 3822; x_wconf 80' lang='grc' dir='ltr'>τῶν</span> <span class='ocrx_word' id='word_1_311' title='bbox 267 3753 463 3841; x_wconf 77' lang='grc' dir='ltr'><strong><em>μελλόντων</em></strong></span> <span class='ocrx_word' id='word_1_312' title='bbox 484 3762 665 3838; x_wconf 88' lang='lat' dir='ltr'>respondeat</span> <span class='ocrx_word' id='word_1_313' title='bbox 686 3762 716 3820; x_wconf 94' lang='lat' dir='ltr'>in</span> <span class='ocrx_word' id='word_1_314' title='bbox 740 3768 842 3821; x_wconf 85' lang='lat' dir='ltr'>nostro</span> <span class='ocrx_word' id='word_1_315' title='bbox 865 3762 1017 3820; x_wconf 89' lang='lat' dir='ltr'>enuntiato</span> <span class='ocrx_word' id='word_1_316' title='bbox 1041 3752 1077 3817; x_wconf 75' lang='grc' dir='ltr'>ἐν</span> <span class='ocrx_word' id='word_1_317' title='bbox 1099 3757 1149 3838; x_wconf 77' lang='grc' dir='ltr'>τῴ</span> <span class='ocrx_word' id='word_1_318' title='bbox 1167 3745 1296 3835; x_wconf 80' lang='grc' dir='ltr'><em>ἀφανεῖ.</em></span> 
     </span>
     <span class='ocr_line' id='line_1_36' title="bbox 177 3860 1298 3944; baseline -0.004 -18"><span class='ocrx_word' id='word_1_319' title='bbox 177 3867 315 3926; x_wconf 84' lang='lat' dir='ltr'>Similiter</span> <span class='ocrx_word' id='word_1_320' title='bbox 337 3861 383 3924; x_wconf 88' lang='grc' dir='ltr'>ΠΙ</span> <span class='ocrx_word' id='word_1_321' title='bbox 400 3870 462 3944; x_wconf 83' lang='grc'>9,2</span> <span class='ocrx_word' id='word_1_322' title='bbox 486 3872 515 3925; x_wconf 91' lang='lat' dir='ltr'>et</span> <span class='ocrx_word' id='word_1_323' title='bbox 536 3860 579 3924; x_wconf 85' lang='lat' dir='ltr'>IV</span> <span class='ocrx_word' id='word_1_324' title='bbox 598 3869 656 3925; x_wconf 78' lang='lat'>125</span> <span class='ocrx_word' id='word_1_325' title='bbox 673 3864 852 3942; x_wconf 86' lang='lat' dir='ltr'>explicanda</span> <span class='ocrx_word' id='word_1_326' title='bbox 874 3871 951 3924; x_wconf 91' lang='lat' dir='ltr'>sunt.</span> <span class='ocrx_word' id='word_1_327' title='bbox 995 3863 1099 3940; x_wconf 89' lang='lat' dir='ltr'>ltaque</span> <span class='ocrx_word' id='word_1_328' title='bbox 1117 3864 1179 3942; x_wconf 91' lang='lat' dir='ltr'>jam</span> <span class='ocrx_word' id='word_1_329' title='bbox 1198 3865 1298 3924; x_wconf 90' lang='lat' dir='ltr'>elucet</span> 
     </span>
     <span class='ocr_line' id='line_1_37' title="bbox 178 3967 1294 4046; baseline -0.003 -18"><span class='ocrx_word' id='word_1_330' title='bbox 178 3970 369 4046; x_wconf 89' lang='lat' dir='ltr'>quamobrem</span> <span class='ocrx_word' id='word_1_331' title='bbox 394 3977 461 4045; x_wconf 89' lang='lat' dir='ltr'>post</span> <span class='ocrx_word' id='word_1_332' title='bbox 489 3968 548 4027; x_wconf 88' lang='lat' dir='ltr'>duo</span> <span class='ocrx_word' id='word_1_333' title='bbox 573 3969 704 4028; x_wconf 91' lang='lat' dir='ltr'>membra</span> <span class='ocrx_word' id='word_1_334' title='bbox 733 3985 787 4043; x_wconf 92' lang='lat' dir='ltr'>per</span> <span class='ocrx_word' id='word_1_335' title='bbox 810 3968 991 4044; x_wconf 91' lang='lat' dir='ltr'>anaphoram</span> <span class='ocrx_word' id='word_1_336' title='bbox 1020 3967 1124 4026; x_wconf 94' lang='lat' dir='ltr'>eodem</span> <span class='ocrx_word' id='word_1_337' title='bbox 1147 3968 1195 4026; x_wconf 91' lang='lat' dir='ltr'>vol</span> <span class='ocrx_word' id='word_1_338' title='bbox 1217 3967 1294 4026; x_wconf 88' lang='lat' dir='ltr'>idem</span> 
     </span>
     <span class='ocr_line' id='line_1_38' title="bbox 178 4063 1297 4148; baseline -0.004 -17"><span class='ocrx_word' id='word_1_339' title='bbox 178 4071 365 4148; x_wconf 88' lang='lat' dir='ltr'>significante</span> <span class='ocrx_word' id='word_1_340' title='bbox 395 4074 485 4131; x_wconf 89' lang='lat' dir='ltr'>verbo</span> <span class='ocrx_word' id='word_1_341' title='bbox 517 4071 689 4130; x_wconf 87' lang='lat' dir='ltr'>introducta</span> <span class='ocrx_word' id='word_1_342' title='bbox 710 4071 740 4128; x_wconf 92' lang='lat' dir='ltr'>in</span> <span class='ocrx_word' id='word_1_343' title='bbox 769 4072 856 4130; x_wconf 90' lang='lat' dir='ltr'>tertio</span> <span class='ocrx_word' id='word_1_344' title='bbox 879 4070 1027 4148; x_wconf 88' lang='lat' dir='ltr'>particula</span> <span class='ocrx_word' id='word_1_345' title='bbox 1057 4063 1094 4127; x_wconf 83' lang='grc' dir='ltr'>τέ</span> <span class='ocrx_word' id='word_1_346' title='bbox 1123 4074 1297 4146; x_wconf 89' lang='lat' dir='ltr'>usurpetur:</span> 
     </span>
    </p>
   </div>
   <div class='ocr_carea' id='block_1_5' title="bbox 178 4172 1297 4250">
    <p class='ocr_par' dir='ltr' id='par_1_6' title="bbox 178 4172 1297 4250">
     <span class='ocr_line' id='line_1_39' title="bbox 178 4172 1297 4250; baseline -0.003 -17"><span class='ocrx_word' id='word_1_347' title='bbox 178 4175 291 4234; x_wconf 88' lang='lat' dir='ltr'>scilicet</span> <span class='ocrx_word' id='word_1_348' title='bbox 313 4175 413 4250; x_wconf 91' lang='lat' dir='ltr'>priora</span> <span class='ocrx_word' id='word_1_349' title='bbox 437 4174 575 4250; x_wconf 87' lang='lat' dir='ltr'>membra,</span> <span class='ocrx_word' id='word_1_350' title='bbox 599 4173 707 4249; x_wconf 87' lang='lat' dir='ltr'>quibus</span> <span class='ocrx_word' id='word_1_351' title='bbox 730 4174 818 4232; x_wconf 87' lang='lat' dir='ltr'>etiam</span> <span class='ocrx_word' id='word_1_352' title='bbox 842 4173 963 4231; x_wconf 88' lang='lat' dir='ltr'>verbum</span> <span class='ocrx_word' id='word_1_353' title='bbox 987 4172 1036 4232; x_wconf 87' lang='lat' dir='ltr'>lin.</span> <span class='ocrx_word' id='word_1_354' title='bbox 1060 4190 1215 4231; x_wconf 91' lang='lat' dir='ltr'>commune</span> <span class='ocrx_word' id='word_1_355' title='bbox 1231 4189 1297 4230; x_wconf 92' lang='lat' dir='ltr'>csse</span> 
     </span>
    </p>
   </div>
   <div class='ocr_carea' id='block_1_6' title="bbox 0 0 1432 4620">
    <p class='ocr_par' dir='ltr' id='par_1_7' title="bbox 0 0 1432 4620">
     <span class='ocr_line' id='line_1_40' title="bbox 0 0 1432 4620; baseline 0 0"><span class='ocrx_word' id='word_1_356' title='bbox 0 0 1432 4620; x_wconf 95' lang='lat' dir='ltr'> </span> 
     </span>
    </p>
   </div>
  </div>
 </body>
</html>
