2842 4620
1238 224 1278 282 bb

682 385 755 449 XII.

242 513 308 572 Jam
330 511 472 571 adfinem
495 509 696 587 disputatione
711 510 819 570 adacta
842 511 932 571 liceat
948 512 1033 572 nobis
1055 513 1143 571 etiam
1160 513 1196 572 de
1213 531 1280 588 par·

156 615 248 676 ticnla
266 607 303 674 δέ
325 614 479 674 deficiente
498 605 559 690 μέν
582 631 672 689 quam
688 611 863 673 brevissime
884 612 1040 673 disserere.
1076 615 1184 691 Neque
1201 616 1280 673 enim

157 737 234 790 raro,
257 717 306 777 ubi
323 717 399 776 duae
416 716 552 776 notiones
568 715 616 774 vel
632 715 788 774 enuntiata
808 715 863 775 sibi
880 716 1017 793 opposita
1033 719 1111 791 sunt,
1134 717 1163 774 in
1180 718 1279 794 priore

156 822 287 885 membro
314 812 375 897 μέν
406 820 558 880 omittitur.
606 819 651 878 Αο
682 820 807 896 primum
839 819 958 895 quidem
990 838 1215 897 nonnumquam
1244 840 1279 881 eo

145 926 230 995 ioco,
254 922 303 983 ubi
322 915 384 1000 μέν
406 921 623 992 desideramus,
655 921 833 998 particulam
855 915 892 980 δέ
913 923 1097 999 invenimus,
1127 942 1205 1000 quae
1228 927 1280 983 ant

156 1027 194 1087 ad
217 1027 320 1104 priora
341 1025 475 1086 annectit
497 1029 549 1085 aut
571 1024 619 1103 alii
639 1017 701 1100 μέν
724 1025 860 1101 opposita
883 1029 936 1101 cst,
959 1029 991 1084 ut
1014 1026 1042 1085 11
1063 1029 1113 1102 87,
1129 1030 1160 1086 4;
1183 1009 1281 1104 ὑμῶν

53 1177 54 1180 ,
157 1124 192 1189 δὲ
216 1112 323 1207 odri'r‘p
347 1112 481 1206 ἀπειρία
495 1141 551 1169 -·
575 1122 681 1186 τῶνδε
706 1121 741 1186 δὲ
760 1119 780 1205 ἡ
802 1116 964 1206 ἐπιστήμη
987 1145 1053 1187 ars.
1079 1128 1126 1187 vel
1149 1130 1162 1187 Ι
1184 1133 1279 1207 64,1;

155 1219 195 1291 τὸ
223 1219 253 1291 ‹i'
269 1225 307 1290 ἐκ
328 1228 391 1290 τοῦ
413 1225 538 1308 ἰσθμοῦ
560 1237 668 1306 τεῖχος
690 1242 745 1270 -·
770 1215 809 1289 τὸ
827 1215 855 1289 δ’
867 1222 899 1300 ἐς
913 1216 978 1309 τὴν
993 1219 1172 1309 Παλλήνην
1192 1215 1280 1290 ciret-

155 1344 272 1412 χιστον
294 1312 345 1413 ἢν,
368 1333 403 1392 ιι.
424 1319 502 1409 roo,
520 1337 551 1408 s,
575 1332 602 1392 u
619 1336 669 1410 os,
684 1337 717 1408 43
739 1334 782 1391 m
798 1336 847 1405 sn,
864 1336 891 1394 5.
915 1337 965 1408 ss,
980 1337 1012 1408 43
1034 1333 1083 1411 vr,
1100 1337 1148 1394 cc.

241 1439 402 1497 Praeterea
425 1436 563 1514 equidem
586 1455 645 1495 non
668 1437 724 1495 nisi
749 1455 837 1495 unam
859 1455 979 1495 causam
1003 1437 1128 1496 omissae
1149 1438 1280 1512 particu-

69 1609 73 1615 ,
120 1614 123 1618 .
154 1542 201 1600 leo
224 1528 285 1617 μέν
312 1559 477 1616 agnoscere
504 1554 641 1616 possum:
677 1558 782 1615 nempe
813 1540 968 1618 scriptoris
994 1540 1093 1600 animo
1122 1542 1151 1599 in
1180 1541 1290 1618 priore·

157 1643 287 1731 membro
304 1642 463 1721 cogitando
486 1642 637 1720 posterius
660 1642 742 1719 quod
760 1643 939 1702 contrarium
958 1644 1123 1702 contineret
1146 1641 1278 1702 noudum

154 1746 344 1807 obversatum
372 1750 426 1805 est.
470 1746 547 1805 Nam
571 1739 658 1822 ,quod
685 1747 825 1821 Hartung
851 1745 879 1803 ΙΙ
904 1765 932 1822 p.
954 1750 1013 1806 163
1043 1750 1073 1805 et
1100 1746 1226 1805 Kiihner
1252 1746 1279 1804 11

153 1869 182 1927 p.
201 1853 264 1912 814
287 1848 392 1909 dicunt
418 1837 479 1926 μέν
503 1849 597 1908 omitti
627 1848 652 1907 si
680 1849 764 1925 prius
787 1849 949 1908 membrum
980 1849 1066 1907 nimis
1095 1848 1196 1925 exigui
1219 1868 1280 1908 mo-

154 1953 245 2012 menti
267 1951 314 2024 sit,
338 1956 473 2011 naturam
496 1951 710 2028 particularum
726 1938 789 2027 μέν
812 1953 841 2010 et
857 1934 892 2007 δέ
917 1968 976 2009 non
999 1951 1071 2009 satis
1090 1950 1280 2026 perspexisse

154 2055 222 2113 mihi
247 2054 393 2113 videntur,
438 2055 554 2114 Etenim
575 2041 637 2130 μέν
660 2052 732 2110 nihil
755 2052 837 2112 aliud
865 2053 921 2111 nisi
944 2071 1007 2111 rem
1030 2053 1201 2128 primariam
1225 2073 1280 2130 per

147 2146 189 2215 ‘do'
217 2156 412 2234 significatam
441 2173 623 2234 praeparare
645 2155 724 2230 vult,
744 2160 783 2241 ut
808 2155 922 2214 Btuml.
947 2162 975 2232 p'.
999 2159 1059 2216 164
1088 2155 1164 2214 bene
1193 2155 1279 2215 dicit:

157 2261 209 2332 ,In
234 2259 333 2320 dieser
355 2259 665 2335 Zusammensteitung
689 2257 749 2316 und
774 2257 961 2333 Glicderung
982 2289 1024 2296 —
1047 2258 1120 2335 liegt
1143 2257 1196 2316 das
1213 2260 1280 2318 We·

155 2361 307 2435 sentliche,
330 2361 384 2420 das
406 2361 468 2420 Ziel
490 2360 543 2419 der
565 2360 648 2422 Rcde
671 2360 867 2436 regelmsssig
889 2359 919 2419 in
944 2360 1010 2420 dem
1027 2359 1115 2420 Satze
1138 2360 1190 2418 mit
1213 2349 1276 2419 de‘.“

153 2463 183 2524 Si
206 2465 308 2542 igitur,
331 2468 364 2524 ut
379 2464 483 2542 negari
499 2482 559 2522 non
574 2467 682 2541 potest,
705 2451 767 2542 μέν
790 2463 977 2534 enuntiatum
1001 2464 1124 2523 minoris
1141 2464 1279 2524 momenti

154 2566 325 2644 introducit,
348 2585 402 2628 cur
423 2566 572 2643 particula
587 2566 741 2642 omittitur,
763 2566 786 2625 si
811 2566 840 2624 id
857 2566 1021 2626 membrum
1037 2567 1123 2625 nimis
1139 2567 1279 2643 exiguum

153 2669 220 2730 est?
249 2671 342 2729 Immo
366 2671 474 2755 omissa
489 2668 637 2747 partiente
660 2669 846 2728 enuntiatum
869 2668 994 2727 solutius
1017 2667 1050 2728 fit
1073 2687 1090 2726 a
1113 2668 1279 2743 posteriore

153 2772 294 2850 membro,
316 2775 346 2832 et
368 2789 401 2831 re
423 2790 497 2831 vera
520 2771 598 2831 illam
623 2788 742 2830 causam
766 2770 865 2829 omnia
887 2770 1028 2848 exempla*
1048 2770 1204 2845 complecti
1228 2789 1278 2828 ex·

152 2875 261 2934 intimo.
304 2873 470 2933 Verborum
494 2873 728 2950 oppositionum
751 2872 928 2949 respicitur,
951 2871 1004 2930 sed
1028 2871 1200 2948 simpliciter
1222 2871 1280 2930 alia

154 2994 203 3036 res
226 2976 278 3036 alii
301 2977 481 3036 annectitur.
528 2976 616 3050 Quod
644 2994 704 3035 non
728 2994 796 3034 raro
824 2975 911 3034 ctiam
942 2975 971 3032 in
995 2974 1192 3034 collocatione
1215 2992 1279 3034 uer·

153 3079 258 3139 borum
282 3080 423 3156 cernitur,
454 3098 522 3139 cum
545 3098 580 3138 ea
602 3079 696 3138 verba
725 3097 802 3154 quae
825 3078 1006 3138 contrarium
1030 3096 1114 3137 suum
1139 3078 1219 3137 cient
1249 3078 1279 3137 in

154 3181 214 3242 fine
235 3181 343 3260 prioris
366 3183 489 3242 membri
512 3184 611 3259 posita
633 3182 694 3241 sint
722 3183 823 3259 itaque
854 3182 938 3258 quasi
961 3180 1155 3257 epexegetice
1178 3180 1280 3241 addita

154 3302 220 3345 esse
242 3285 410 3363 videantur,
433 3291 467 3344 nt
489 3285 519 3344 11
536 3289 586 3363 96,
602 3290 634 3346 3:
656 3275 751 3363 μέχρι
773 3273 836 3362 γὰρ
859 3313 901 3325 -
924 3266 1064 3362 οορὶζετο
1087 3267 1107 3362 ἡ
1132 3267 1214 3361 ἀρχὴ
1237 3268 1280 3341 τὰ

150 3377 237 3466 πρὸς
261 3383 410 3459 Παίονος
432 3375 511 3468 ἥδη·
534 3374 576 3446 τὰ
599 3381 634 3447 δὲ
656 3377 741 3465 πρὸς
768 3377 969 3466 Τριβαλλοὺς
991 3419 1033 3426 -
1059 3383 1179 3475 Τρῆρες
1202 3370 1277 3463 ὥρι-

151 3491 223 3568 ζον,
252 3492 281 3552 ΙΙ
304 3497 352 3571 31,
370 3496 403 3553 2:
429 3486 560 3570 μυρίων
583 3477 646 3570 γὰρ
670 3473 823 3550 ὁπλιτῶν
847 3474 911 3549 οὐκ
933 3480 1094 3560 ἐλάσσους
1116 3469 1201 3569 ἦσαν
1224 3471 1280 3546 αὖ·

150 3587 206 3652 τοὶ
228 3577 415 3673 depromi,
438 3582 589 3672 μέτοικοι
613 3587 647 3652 δὲ
668 3582 903 3668 ξοοεοὲβαλον,
930 3591 968 3654 cf.
991 3594 1019 3652 ΙΙ
1041 3596 1089 3653 53.
1115 3596 1162 3663 72,
1180 3594 1206 3649 1.
1230 3592 1279 3661 97,

152 3699 181 3780 5τ
207 3696 246 3755 VI
269 3700 310 3756 44
333 3700 363 3755 et
384 3696 558 3773 saepissime
581 3682 620 3753 τὸ
643 3691 790 3775 πρῶτον.
837 3695 903 3769 Qua
924 3694 1014 3754 dere
1036 3694 1113 3753 bene
1137 3691 1280 3751 disseruit

150 3799 263 3859 Herbst
285 3800 315 3858 in
338 3799 444 3860 Philol.
468 3803 559 3871 1866,
581 3818 609 3876 p.
626 3803 696 3861 647.
717 3802 765 3865 46.
811 3800 887 3859 Nam
911 3816 979 3857 cum
1001 3792 1141 3875 πρῶτον
1161 3789 1222 3873 μὲν
1239 3826 1280 3834 -

151 3892 265 3960 ἔπειτα
293 3901 368 3962 dnas
397 3902 531 3980 ejusdem
554 3903 597 3962 rei
625 3907 728 3979 partes
758 3901 908 3979 designet,
937 3897 1078 3978 πρῶτον
1101 3929 1143 3939 -
1166 3887 1280 3956 ἔπειτα

151 4024 212 4065 non
235 4023 328 4065 unam
352 4007 524 4067 continuam
548 4025 624 4084 rem,
647 4005 699 4065 sed
724 4004 799 4064 duae
821 4003 981 4081 significat,
1004 4007 1033 4062 et
1055 3998 1196 4080 πρῶτον
1219 4020 1279 4060 non

151 4112 184 4168 ut
206 4102 349 4188 τιροῖτον
371 4097 432 4186 μέν
455 4109 583 4169 formula
603 4108 796 4169 enumerandi
819 4111 871 4179 est,
895 4107 947 4166 sed
971 4107 1087 4183 plenam
1111 4105 1170 4163 vim
1194 4122 1278 4163 suam

150 4211 344 4288 temporalem
372 4215 472 4270 servat
502 4215 531 4272 et
552 4211 728 4289 plerumque
756 4211 786 4270 in
818 4210 875 4271 fine
890 4209 1010 4290 ¹prioris
1034 4207 1157 4270 membri
1185 4205 1275 4267 collo·
