2842 4620
156 200 197 289 se
266 273 269 278 .

156 399 252 474 posita
276 400 457 474 esseputat,
480 396 643 472 quodcum
667 415 701 457 eo
722 399 836 476 Krneg.
859 399 947 459 etiam
970 399 1008 460 ad
1024 394 1069 458 VI
1083 404 1123 464 68
1145 400 1280 474 adnotat

156 500 215 561 Sed
239 499 268 558 id
295 499 444 578 particula
474 483 560 557 ἀλλὰ
581 504 698 572 vetare,
729 500 862 578 satisque
891 502 961 562 mihi
984 502 1075 564 Clam.
1106 503 1279 565 defendisse

158 604 277 663 videtur
298 621 359 662 uon
382 587 489 674 ὄντες,
510 601 564 662 sed
586 581 672 680 ἦσαν
691 603 892 680 supplendum
914 622 987 665 esse.
1098 629 1114 657 .·

240 707 347 783 Neque
369 705 464 780 magis
486 704 631 765 transitus
657 705 801 766 exinfiu.
827 707 857 765 in
881 707 961 767 verb.
983 707 1058 768 finit.
1080 709 1217 788 offendit,
1245 714 1280 771 nt

155 803 237 869 144:
252 800 465 885 μετέγνωσαν
479 801 667 885 ξυμμαχίαν
675 799 738 885 μὲν
747 793 791 886 μὴ
803 805 976 868 ποιεῖσθαι
988 840 1039 887 -,
1054 801 1232 889 ἐπιμαχίαν
1248 796 1278 871 d'

154 899 367 989 ἐποιήσαντο,
383 903 578 986 orviller
598 910 644 970 vel
655 903 700 967 IV
712 913 762 982 59,
775 915 807 971 2:
821 905 1078 988 ξυμβαίνειτοῑς
1087 907 1149 990 μὲν
1160 908 1277 990 φαίνε-

100 1074 103 1080 ,
153 1009 234 1074 σθαι
256 1043 308 1086 -,
335 1005 368 1072 ol
385 1005 421 1072 δὲ
441 1043 485 1052 -
506 1005 697 1085 ἐθέλουσιν,
725 1012 827 1073 itidem
858 1032 896 1074 ex
923 1008 1046 1094 συνέβη
1074 1009 1101 1073 V
1124 1021 1164 1077 14
1193 1016 1277 1076 infin.

152 1117 276 1195 pendet,
297 1118 328 1176 in
347 1114 480 1177 seeundo
501 1115 633 1176 membro
653 1115 734 1176 aliud
750 1117 831 1175 verb.
848 1115 898 1176 fin.
912 1111 1054 1195 suoeedit,
1074 1123 1107 1177 ut
1123 1113 1277 1196 V180,3:

148 1209 290 1298 λέγομεν
312 1249 355 1259 -
374 1211 436 1296 pto
458 1207 544 1277 εἶναι
565 1249 622 1291 -,
652 1206 799 1295 δεόμεθα
828 1212 880 1291 δέ,
909 1219 946 1278 of.
970 1213 1049 1278 VIII
1064 1225 1113 1296 67,
1129 1225 1157 1282 2.
1180 1215 1276 1283 Vae.

149 1316 323 1397 .V1141,4.
361 1322 406 1380 Idu
423 1321 581 1398 participio
597 1339 687 1400 porro
704 1321 741 1380 ad
758 1320 841 1382 infin.
855 1323 1006 1383 transitur.
1035 1321 1085 1383 Sie
1099 1317 1177 1382 VIII
1194 1325 1275 1396 78‚1

151 1428 221 1501 post
235 1424 400 1500 longiorem
412 1424 521 1501 prioris
533 1423 655 1483 membri
671 1423 886 1501 expositionem
903 1425 1064 1502 applicatio
1079 1426 1276 1505 participialis

150 1529 179 1587 in
204 1527 383 1587 oblivionem
406 1525 537 1587 addneta
559 1530 617 1604 est,
645 1526 748 1603 itaque
770 1526 916 1587 infinitivo
938 1529 1074 1605 pergitur
1089 1547 1106 1588 e
1121 1529 1214 1589 verbo
1234 1530 1277 1590 di·

150 1629 238 1689 eendi
261 1631 402 1706 primario
424 1629 590 1707 pendente,
619 1629 756 1689 similiter
777 1623 793 1686 Ι
813 1634 895 1705 781
927 1635 996 1707 post
1017 1620 1145 1710 ἔδοξεν,
1173 1626 1275 1710 las

150 1736 218 1809 post
239 1724 387 1810 λέγουσι,
413 1750 441 1791 r.
464 1731 557 1793 class.
577 1751 603 1791 a.
623 1733 642 1790 l.
664 1735 694 1791 et
715 1731 882 1808 Kamptner
905 1751 933 1808 p.
952 1736 999 1794 18.
1024 1727 1069 1792 VI
1085 1737 1169 1805 724
1191 1733 1276 1794 infin.

150 1827 434 1913 θαρσαλεωτέραν
459 1823 595 1893 ἔσεσθαι
620 1851 659 1893 ex
686 1835 819 1911 generali
847 1835 939 1895 verbo
962 1821 1141 1894 ἐπιδώσειν
1155 1854 1276 1914 ‚exeep-

152 1943 201 1997 tus
229 1941 284 1997 est
334 1937 447 1999 Contra
478 1929 521 1994 VI
547 1939 637 2011 69,3
673 1937 807 2014 generali
839 1937 931 1997 verbo
966 1937 1130 2014 pendentia
1160 1938 1275 2015 duplici

149 2045 301 2124 structura
320 2056 354 2100 se
369 2039 536 2116 applicant:
559 2030 592 2097 οἱ
615 2023 816 2116 δ’έχώρουν,
837 2029 1045 2119 Συρακόσιοι
1064 2035 1127 2118 μὲν
1149 2071 1189 2081 —-
1212 2059 1273 2118 μα-

146 2131 316 2220 χούμενοι,
337 2125 508 2222 Ἀθηναῖοι
531 2134 567 2200 δὲ
587 2173 629 2180 -
649 2146 750 2218 σχεῖν,
772 2142 822 2201 ubi
846 2147 876 2202 et
897 2143 1002 2219 partie.
1025 2145 1056 2202 et
1078 2142 1161 2204 infin.
1183 2142 1273 2204 finem

148 2249 240 2331 atque
263 2246 417 2306 eonsilium
449 2244 539 2305 eundi
562 2244 736 2323 designant,
764 2245 803 2304 ot.
818 2238 870 2303 ·VI
887 2249 936 2322 34,
952 2249 979 2306 8.
1024 2243 1159 2306 Solutius
1180 2248 1273 2323 parti·

149 2349 227 2425 eipio
255 2367 295 2408 ox
326 2333 490 2422 ἀπέφαινε
519 2346 662 2424 pendenti
692 2349 723 2406 in
746 2349 913 2425 posteriore
935 2348 1066 2408 membro
1096 2347 1177 2409 infin.
1200 2349 1273 2409 snb·

150 2440 294 2510 stituitnr:
317 2444 396 2508 VIII
412 2453 463 2524 45,
478 2454 506 2510 6.
529 2453 579 2527 92,
596 2453 644 2509 11.
658 2479 701 2489 -
718 2450 788 2535 Viee
803 2468 892 2510 versa
913 2468 951 2510 ex
967 2450 1047 2509 infin.
1071 2450 1110 2510 ad
1132 2451 1269 2530 partieip.

149 2553 296 2612 transitur
326 2546 387 2610 VII
404 2556 501 2630 68,1,
530 2551 734 2629 quod-Glass.
765 2553 807 2612 ita
839 2553 981 2630 explieat,
1020 2558 1055 2614 nt
1084 2571 1141 2630 pro
1175 2554 1269 2615 verbo

147 2656 280 2732 generali
303 2649 494 2734 νομίσωμεν
523 2656 554 2714 in
583 2656 751 2732 posteriore
780 2657 913 2727 membro
943 2657 1093 2732 eogitetnr
1121 2649 1269 2734 εἰδῶμεν.

148 2760 236 2820 Certe
259 2777 318 2818 nou
342 2763 442 2835 potest
464 2776 531 2819 eum
554 2759 664 2831 Ilaehe,
687 2758 726 2819 de
741 2758 899 2836 participio
915 2758 1054 2834 Thucyd.
1075 2761 1166 2832 1880,
1186 2777 1215 2835 p.
1228 2761 1268 2819 14

147 2849 413 2939 ἐκγενησόμενον
444 2865 478 2919 ut
506 2861 612 2936 partie.
643 2860 848 2921 eondieionaIe
878 2861 987 2937 aoeipi:
1016 2862 1040 2920 si
1064 2862 1151 2922 nobie
1168 2860 1269 2921 lieebit

147 2964 263 3035 uloisei‚
294 2965 337 3023 ita
359 2967 392 3023 ut
414 2983 451 3023 ex
474 2957 662 3041 νομίσωμεν
685 2950 977 3044 pendeat'iidtorov
999 2952 1094 3022 εἶναι.
1122 2995 1163 3004 -
1192 2964 1268 3025 Gon·

147 3067 273 3126 structio
291 3084 328 3126 ex
351 3052 555 3143 despondens
578 3069 607 3125 in
630 3067 797 3142 posteriore
812 3067 944 3126 membro
960 3067 1095 3142 solvitur,
1118 3066 1267 3127 levissimo

146 3186 219 3228 sane
242 3169 370 3228 transitu
399 3162 449 3225 III
464 3171 513 3241 46,
530 3171 630 3244 nou,
648 3173 679 3229 1:
709 3161 880 3247 σκέψασθε
906 3153 960 3226 ὅτι
982 3165 1046 3227 νῦν
1066 3162 1129 3246 μέν
1149 3198 1208 3242 -,
1239 3175 1269 3229 et

146 3263 701 3349 1165‚a-1o.v11145,4.se,e.
1141 3280 1143 3284 ’

231 3373 325 3434 Casus
347 3377 480 3433 mutatur
502 3368 547 3431 IV
563 3378 612 3447 62,
629 3379 663 3436 3:
690 3368 829 3445 πλείους
854 3360 916 3455 ἤδη
938 3366 972 3432 ot
992 3368 1054 3452 μὲν
1075 3405 1116 3414 -
1138 3379 1210 3445 τοῖς
1232 3366 1268 3433 δὲ

144 3469 282 3557 ξυνέβη,
305 3476 355 3536 ubi
378 3477 503 3536 verbum
527 3477 623 3538 medio
647 3479 738 3538 verbo
761 3472 884 3558 ξυνέβη
905 3479 1070 3538 subiectum
1093 3481 1154 3552 est;
1181 3471 1266 3538 osv

145 3585 196 3658 41,
206 3584 238 3640 3.
283 3579 395 3640 Contra
416 3578 592 3639 durissimus
611 3584 692 3639 esset
713 3582 856 3641 transitus
876 3574 986 3659 vles,
1008 3582 1033 3639 si
1052 3579 1164 3639 tradita
1178 3580 1266 3641 leetio

145 3687 326 3742 servaretur.
355 3683 411 3741 ut
433 3681 643 3741 verisimillima
672 3686 718 3742 est
744 3682 887 3758 Madvigii
909 3683 1055 3743 eorreetio
1083 3667 1266 3759 ὃλέγεται,

145 3777 178 3843 οἱ
200 3778 237 3843 δέ
257 3804 313 3863 pro
335 3778 436 3864 λέγει,
458 3790 531 3855 τοῖς
553 3777 603 3858 δέ,
630 3804 697 3844 oum
721 3786 895 3863 praesertim
918 3786 1005 3846 etiam
1028 3787 1149 3846 tertium
1178 3803 1265 3845 mem·

145 3889 231 3949 brom
246 3891 360 3950 *iterum
383 3891 420 3950 ab
444 3879 477 3948 oi
493 3882 531 3947 δέ
551 3888 688 3966 inoipiat,
708 3889 751 3948 sie
774 3890 851 3948 enim
873 3888 961 3949 facile
984 3887 1022 3948 ad
1046 3879 1078 3946 οἱ
1099 3881 1161 3965 μέν
1175 3918 1218 3928 -
1233 3878 1266 3946 ol

140 3984 182 4050 dd
195 4025 237 4035 —
253 3984 286 4050 οἱ
308 3986 345 4051 δέ
366 3993 541 4071 supplemus
565 3985 729 4069 λέγοντες.
774 3992 820 4051 le
843 3991 943 4051 dativo
966 3992 1072 4069 partie.
1093 3992 1131 4051 ad
1154 3991 1265 4050 nomin.

67 4147 71 4154 .
144 4095 290 4154 transitur
311 4088 356 4153 IV
375 4097 444 4173 108,
459 4098 491 4155 4:
515 4078 639 4166 αὐτοῖς,
662 4087 878 4171 ἐψευσμένοις
892 4086 1020 4172 μένε,
1042 4083 1083 4152 τὸ
1103 4086 1139 4151 δὲ
1157 4086 1266 4152 πλέον

144 4185 300 4273 βουλέσει
321 4191 495 4274 κρίνοντες
513 4227 565 4269 -,
592 4217 628 4256 ex
651 4200 749 4272 genet
771 4197 810 4256 ad
833 4179 944 4258 nomin.
966 4192 1012 4255 IV
1027 4200 1078 4271 87,
1093 4201 1125 4268 3,
1153 4196 1203 4255 ubi
1225 4195 1264 4256 ad
