<?xml version="1.0" encoding="UTF-8"?>
<!DOCTYPE html PUBLIC "-//W3C//DTD XHTML 1.0 Transitional//EN"
    "http://www.w3.org/TR/xhtml1/DTD/xhtml1-transitional.dtd">
<html xmlns="http://www.w3.org/1999/xhtml" xml:lang="en" lang="en">
 <head>
  <title>
</title>
<meta http-equiv="Content-Type" content="text/html;charset=utf-8" />
  <meta name='ocr-system' content='tesseract 3.04.00' />
  <meta name='ocr-capabilities' content='ocr_page ocr_carea ocr_par ocr_line ocrx_word'/>
</head>
<body>
  <div class='ocr_page' id='page_1' title='image "./departicularumm00oeltgoog_0038.png"; bbox 0 0 2842 4620; ppageno 0'>
   <div class='ocr_carea' id='block_1_1' title="bbox 68 251 1358 4386">
    <p class='ocr_par' dir='ltr' id='par_1_1' title="bbox 75 251 1358 2131">
     <span class='ocr_line' id='line_1_1' title="bbox 1229 251 1269 311; baseline 0.025 -1"><span class='ocrx_word' id='word_1_1' title='bbox 1229 251 1269 311; x_wconf 90' lang='grc'><strong>33</strong></span> 
     </span>
     <span class='ocr_line' id='line_1_2' title="bbox 147 408 1358 497; baseline 0 -16"><span class='ocrx_word' id='word_1_2' title='bbox 147 421 237 497; x_wconf 84' lang='lat' dir='ltr'><strong>solet,</strong></span> <span class='ocrx_word' id='word_1_3' title='bbox 257 420 350 479; x_wconf 88' lang='lat' dir='ltr'><strong>artius</strong></span> <span class='ocrx_word' id='word_1_4' title='bbox 369 419 500 479; x_wconf 88' lang='lat' dir='ltr'><strong>iuter-se</strong></span> <span class='ocrx_word' id='word_1_5' title='bbox 516 420 659 497; x_wconf 74' lang='lat' dir='ltr'><strong>‘copulata</strong></span> <span class='ocrx_word' id='word_1_6' title='bbox 679 422 757 495; x_wconf 86' lang='lat' dir='ltr'><strong>sunt,</strong></span> <span class='ocrx_word' id='word_1_7' title='bbox 778 417 821 478; x_wconf 87' lang='lat' dir='ltr'><strong>ita</strong></span> <span class='ocrx_word' id='word_1_8' title='bbox 841 418 871 477; x_wconf 92' lang='lat' dir='ltr'><strong>in</strong></span> <span class='ocrx_word' id='word_1_9' title='bbox 892 419 1046 496; x_wconf 78' lang='lat' dir='ltr'><strong>anaphora</strong></span> <span class='ocrx_word' id='word_1_10' title='bbox 1068 418 1127 496; x_wconf 90' lang='lat' dir='ltr'><strong>adj.</strong></span> <span class='ocrx_word' id='word_1_11' title='bbox 1146 408 1270 489; x_wconf 67' lang='lat' dir='ltr'><strong>anicia:</strong></span> <span class='ocrx_word' id='word_1_12' title='bbox 1356 477 1358 481; x_wconf 12' lang='grc' dir='ltr'><em>Α</em></span> 
     </span>
     <span class='ocr_line' id='line_1_3' title="bbox 146 505 1271 600; baseline 0.001 -18"><span class='ocrx_word' id='word_1_13' title='bbox 146 517 222 584; x_wconf 86' lang='lat' dir='ltr'><strong>Ile.</strong></span> <span class='ocrx_word' id='word_1_14' title='bbox 254 516 299 580; x_wconf 89' lang='lat' dir='ltr'><strong>VI</strong></span> <span class='ocrx_word' id='word_1_15' title='bbox 314 526 363 599; x_wconf 72' lang='grc' dir='ltr'><strong>ιο,</strong></span> <span class='ocrx_word' id='word_1_16' title='bbox 379 526 406 582; x_wconf 86' lang='grc'><strong>4.</strong></span> <span class='ocrx_word' id='word_1_17' title='bbox 438 507 529 584; x_wconf 71' lang='lat' dir='ltr'><strong>ans.</strong></span> <span class='ocrx_word' id='word_1_18' title='bbox 562 512 981 599; x_wconf 61' lang='lat' dir='ltr'><strong>inconsultans,</strong></span> <span class='ocrx_word' id='word_1_19' title='bbox 1012 505 1077 600; x_wconf 70' lang='lat' dir='ltr'><strong>{ipa</strong></span> <span class='ocrx_word' id='word_1_20' title='bbox 1106 515 1182 582; x_wconf 83' lang='lat' dir='ltr'>VIII</span> <span class='ocrx_word' id='word_1_21' title='bbox 1200 527 1226 595; x_wconf 88' lang='lat'><strong>1,</strong></span> <span class='ocrx_word' id='word_1_22' title='bbox 1243 527 1271 600; x_wconf 85' lang='lat' dir='ltr'><strong>a,</strong></span> 
     </span>
     <span class='ocr_line' id='line_1_4' title="bbox 146 623 1270 702; baseline -0.001 -17"><span class='ocrx_word' id='word_1_23' title='bbox 146 626 200 686; x_wconf 91' lang='lat' dir='ltr'><strong>ubi</strong></span> <span class='ocrx_word' id='word_1_24' title='bbox 216 625 414 685; x_wconf 88' lang='lat' dir='ltr'><strong>Athenienses</strong></span> <span class='ocrx_word' id='word_1_25' title='bbox 430 623 666 699; x_wconf 87' lang='lat' dir='ltr'><strong>magnitudinem</strong></span> <span class='ocrx_word' id='word_1_26' title='bbox 690 623 786 684; x_wconf 90' lang='lat' dir='ltr'><strong>cladis</strong></span> <span class='ocrx_word' id='word_1_27' title='bbox 801 641 874 683; x_wconf 91' lang='lat' dir='ltr'><strong>suae</strong></span> <span class='ocrx_word' id='word_1_28' title='bbox 897 629 1114 700; x_wconf 79' lang='lat' dir='ltr'><strong>cognoscentes</strong></span> <span class='ocrx_word' id='word_1_29' title='bbox 1136 625 1270 702; x_wconf 88' lang='lat' dir='ltr'><strong>perditos</strong></span> 
     </span>
     <span class='ocr_line' id='line_1_5' title="bbox 143 709 1271 806; baseline -0.001 -19"><span class='ocrx_word' id='word_1_30' title='bbox 143 732 178 788; x_wconf 85' lang='lat' dir='ltr'><strong>et</strong></span> <span class='ocrx_word' id='word_1_31' title='bbox 201 727 335 788; x_wconf 91' lang='lat' dir='ltr'><strong>homines</strong></span> <span class='ocrx_word' id='word_1_32' title='bbox 359 732 389 787; x_wconf 91' lang='lat' dir='ltr'><strong>et</strong></span> <span class='ocrx_word' id='word_1_33' title='bbox 411 745 503 787; x_wconf 88' lang='lat' dir='ltr'><strong>naves</strong></span> <span class='ocrx_word' id='word_1_34' title='bbox 530 713 609 805; x_wconf 80' lang='grc' dir='ltr'><strong>(ἅμα</strong></span> <span class='ocrx_word' id='word_1_35' title='bbox 630 720 692 804; x_wconf 78' lang='grc' dir='ltr'><strong>μέν</strong></span> <span class='ocrx_word' id='word_1_36' title='bbox 713 757 755 766; x_wconf 89' lang='grc'>-</span> <span class='ocrx_word' id='word_1_37' title='bbox 778 709 844 803; x_wconf 74' lang='grc' dir='ltr'><strong>ἅμα</strong></span> <span class='ocrx_word' id='word_1_38' title='bbox 867 719 917 805; x_wconf 77' lang='grc' dir='ltr'><strong>δέ)</strong></span> <span class='ocrx_word' id='word_1_39' title='bbox 944 727 1136 788; x_wconf 77' lang='lat' dir='ltr'>considerant</span> <span class='ocrx_word' id='word_1_40' title='bbox 1157 731 1187 788; x_wconf 91' lang='lat' dir='ltr'><strong>et</strong></span> <span class='ocrx_word' id='word_1_41' title='bbox 1209 721 1271 806; x_wconf 82' lang='grc' dir='ltr'>(τέ)</span> 
     </span>
     <span class='ocr_line' id='line_1_6' title="bbox 146 828 1270 906; baseline -0.002 -16"><span class='ocrx_word' id='word_1_42' title='bbox 146 831 250 891; x_wconf 87' lang='lat' dir='ltr'><strong>hostes</strong></span> <span class='ocrx_word' id='word_1_43' title='bbox 281 849 318 890; x_wconf 94' lang='lat' dir='ltr'><strong>ne</strong></span> <span class='ocrx_word' id='word_1_44' title='bbox 349 849 386 890; x_wconf 88' lang='lat' dir='ltr'><strong>ex</strong></span> <span class='ocrx_word' id='word_1_45' title='bbox 410 830 509 890; x_wconf 80' lang='lat' dir='ltr'><strong>Sicilia</strong></span> <span class='ocrx_word' id='word_1_46' title='bbox 539 835 644 889; x_wconf 88' lang='lat' dir='ltr'><strong>contra</strong></span> <span class='ocrx_word' id='word_1_47' title='bbox 670 848 703 890; x_wconf 88' lang='lat' dir='ltr'><strong>so</strong></span> <span class='ocrx_word' id='word_1_48' title='bbox 724 829 952 906; x_wconf 81' lang='lat' dir='ltr'><strong>¹cupeditionem</strong></span> <span class='ocrx_word' id='word_1_49' title='bbox 984 828 1096 890; x_wconf 84' lang='lat' dir='ltr'><strong>faciant</strong></span> <span class='ocrx_word' id='word_1_50' title='bbox 1126 834 1270 890; x_wconf 88' lang='lat' dir='ltr'><strong>metuunt.</strong></span> 
     </span>
     <span class='ocr_line' id='line_1_7' title="bbox 147 928 1270 1011; baseline 0.003 -19"><span class='ocrx_word' id='word_1_51' title='bbox 147 928 195 992; x_wconf 90' lang='lat' dir='ltr'><strong>VI</strong></span> <span class='ocrx_word' id='word_1_52' title='bbox 212 938 296 1011; x_wconf 83' lang='lat'>90,3</span> <span class='ocrx_word' id='word_1_53' title='bbox 320 933 428 994; x_wconf 82' lang='lat' dir='ltr'><strong>Graeci</strong></span> <span class='ocrx_word' id='word_1_54' title='bbox 451 938 480 993; x_wconf 90' lang='lat' dir='ltr'><strong>et</strong></span> <span class='ocrx_word' id='word_1_55' title='bbox 503 932 771 993; x_wconf 86' lang='lat' dir='ltr'><strong>barbarinavibus</strong></span> <span class='ocrx_word' id='word_1_56' title='bbox 794 935 1003 1010; x_wconf 88' lang='lat' dir='ltr'><strong>opponuntur,</strong></span> <span class='ocrx_word' id='word_1_57' title='bbox 1029 933 1126 1010; x_wconf 88' lang='lat' dir='ltr'><strong>qualis</strong></span> <span class='ocrx_word' id='word_1_58' title='bbox 1148 933 1270 1011; x_wconf 87' lang='lat' dir='ltr'><strong>partitio</strong></span> 
     </span>
     <span class='ocr_line' id='line_1_8' title="bbox 145 1028 1269 1114; baseline 0.002 -20"><span class='ocrx_word' id='word_1_59' title='bbox 145 1031 230 1109; x_wconf 83' lang='lat'>161,</span> <span class='ocrx_word' id='word_1_60' title='bbox 245 1040 273 1096; x_wconf 88' lang='grc'><strong>4.</strong></span> <span class='ocrx_word' id='word_1_61' title='bbox 295 1030 341 1094; x_wconf 92' lang='lat' dir='ltr'><strong>VI</strong></span> <span class='ocrx_word' id='word_1_62' title='bbox 358 1040 397 1096; x_wconf 78' lang='lat'><strong>25</strong></span> <span class='ocrx_word' id='word_1_63' title='bbox 420 1054 474 1112; x_wconf 87' lang='lat' dir='ltr'><strong>per</strong></span> <span class='ocrx_word' id='word_1_64' title='bbox 495 1028 556 1112; x_wconf 83' lang='grc' dir='ltr'><strong>μέν</strong></span> <span class='ocrx_word' id='word_1_65' title='bbox 578 1066 619 1076; x_wconf 91' lang='grc'>-</span> <span class='ocrx_word' id='word_1_66' title='bbox 642 1028 680 1094; x_wconf 78' lang='grc' dir='ltr'><strong>δέ</strong></span> <span class='ocrx_word' id='word_1_67' title='bbox 697 1064 739 1076; x_wconf 91' lang='lat'>-</span> <span class='ocrx_word' id='word_1_68' title='bbox 756 1028 793 1093; x_wconf 83' lang='grc' dir='ltr'><strong>δέ</strong></span> <span class='ocrx_word' id='word_1_69' title='bbox 814 1053 958 1112; x_wconf 82' lang='lat' dir='ltr'><strong>expressa</strong></span> <span class='ocrx_word' id='word_1_70' title='bbox 980 1038 1033 1111; x_wconf 87' lang='lat' dir='ltr'><strong>ost,</strong></span> <span class='ocrx_word' id='word_1_71' title='bbox 1056 1055 1126 1114; x_wconf 76' lang='lat' dir='ltr'><strong>up.</strong></span> <span class='ocrx_word' id='word_1_72' title='bbox 1144 1041 1193 1114; x_wconf 85' lang='lat'><strong>30,</strong></span> <span class='ocrx_word' id='word_1_73' title='bbox 1214 1036 1269 1098; x_wconf 91' lang='lat' dir='ltr'><strong>sed</strong></span> 
     </span>
     <span class='ocr_line' id='line_1_9' title="bbox 75 1122 1272 1216; baseline 0.001 -20"><span class='ocrx_word' id='word_1_74' title='bbox 75 1204 77 1209; x_wconf 20' lang='grc' dir='ltr'>Ι</span> <span class='ocrx_word' id='word_1_75' title='bbox 145 1139 197 1196; x_wconf 89' lang='lat' dir='ltr'><strong>hic</strong></span> <span class='ocrx_word' id='word_1_76' title='bbox 226 1137 327 1215; x_wconf 87' lang='lat' dir='ltr'><strong>priora</strong></span> <span class='ocrx_word' id='word_1_77' title='bbox 355 1139 486 1198; x_wconf 88' lang='lat' dir='ltr'><strong>membra</strong></span> <span class='ocrx_word' id='word_1_78' title='bbox 518 1139 674 1215; x_wconf 83' lang='lat' dir='ltr'><strong>anaphora</strong></span> <span class='ocrx_word' id='word_1_79' title='bbox 703 1122 880 1215; x_wconf 78' lang='grc' dir='ltr'><em>ξύμπασαν</em></span> <span class='ocrx_word' id='word_1_80' title='bbox 908 1132 969 1216; x_wconf 77' lang='grc' dir='ltr'><strong>μέν</strong></span> <span class='ocrx_word' id='word_1_81' title='bbox 999 1169 1040 1178; x_wconf 91' lang='grc'>-</span> <span class='ocrx_word' id='word_1_82' title='bbox 1061 1124 1208 1209; x_wconf 77' lang='grc' dir='ltr'><strong><em>πολλοὺς</em></strong></span> <span class='ocrx_word' id='word_1_83' title='bbox 1224 1131 1272 1204; x_wconf 80' lang='grc' dir='ltr'><strong>,δέ</strong></span> 
     </span>
     <span class='ocr_line' id='line_1_10' title="bbox 145 1228 1270 1317; baseline 0.001 -18"><span class='ocrx_word' id='word_1_84' title='bbox 145 1240 243 1299; x_wconf 83' lang='lat' dir='ltr'><strong>artius</strong></span> <span class='ocrx_word' id='word_1_85' title='bbox 274 1239 469 1316; x_wconf 85' lang='lat' dir='ltr'><strong>colligantur,</strong></span> <span class='ocrx_word' id='word_1_86' title='bbox 502 1244 534 1299; x_wconf 89' lang='lat' dir='ltr'><strong>ut</strong></span> <span class='ocrx_word' id='word_1_87' title='bbox 568 1243 713 1316; x_wconf 90' lang='lat' dir='ltr'><strong>sequatur</strong></span> <span class='ocrx_word' id='word_1_88' title='bbox 743 1228 888 1317; x_wconf 80' lang='grc' dir='ltr'><em>τριήρεις</em></span> <span class='ocrx_word' id='word_1_89' title='bbox 917 1256 963 1300; x_wconf 87' lang='grc' dir='ltr'><strong>τε.</strong></span> <span class='ocrx_word' id='word_1_90' title='bbox 1015 1241 1088 1301; x_wconf 86' lang='lat' dir='ltr'><strong>Post</strong></span> <span class='ocrx_word' id='word_1_91' title='bbox 1117 1241 1270 1317; x_wconf 90' lang='lat' dir='ltr'><strong>popularis</strong></span> 
     </span>
     <span class='ocr_line' id='line_1_11' title="bbox 144 1330 1270 1420; baseline 0 -19"><span class='ocrx_word' id='word_1_92' title='bbox 144 1341 265 1418; x_wconf 87' lang='lat' dir='ltr'><strong>imperii</strong></span> <span class='ocrx_word' id='word_1_93' title='bbox 288 1342 508 1402; x_wconf 88' lang='lat' dir='ltr'><strong>restitutionem</strong></span> <span class='ocrx_word' id='word_1_94' title='bbox 525 1335 601 1400; x_wconf 90' lang='lat' dir='ltr'>VIII</span> <span class='ocrx_word' id='word_1_95' title='bbox 617 1346 663 1402; x_wconf 78' lang='lat'><strong>21-</strong></span> <span class='ocrx_word' id='word_1_96' title='bbox 679 1339 769 1401; x_wconf 80' lang='lat' dir='ltr'><strong>Samii</strong></span> <span class='ocrx_word' id='word_1_97' title='bbox 793 1342 893 1403; x_wconf 90' lang='lat' dir='ltr'><strong>hostes</strong></span> <span class='ocrx_word' id='word_1_98' title='bbox 909 1343 1015 1420; x_wconf 86' lang='lat' dir='ltr'><strong>partim</strong></span> <span class='ocrx_word' id='word_1_99' title='bbox 1039 1330 1148 1404; x_wconf 87' lang='lat' dir='ltr'><strong>necant</strong></span> <span class='ocrx_word' id='word_1_100' title='bbox 1163 1342 1270 1420; x_wconf 83' lang='lat' dir='ltr'><strong>partim</strong></span> 
     </span>
     <span class='ocr_line' id='line_1_12' title="bbox 146 1436 1283 1531; baseline 0.002 -27"><span class='ocrx_word' id='word_1_101' title='bbox 146 1443 238 1504; x_wconf 85' lang='lat' dir='ltr'><strong>exili0</strong></span> <span class='ocrx_word' id='word_1_102' title='bbox 269 1444 399 1521; x_wconf 88' lang='lat' dir='ltr'><strong>puniunt</strong></span> <span class='ocrx_word' id='word_1_103' title='bbox 429 1437 503 1521; x_wconf 84' lang='grc' dir='ltr'><strong><em>(μέν</em></strong></span> <span class='ocrx_word' id='word_1_104' title='bbox 523 1475 566 1484; x_wconf 92' lang='grc'>-</span> <span class='ocrx_word' id='word_1_105' title='bbox 589 1437 638 1517; x_wconf 80' lang='grc' dir='ltr'><strong>δέ)</strong></span> <span class='ocrx_word' id='word_1_106' title='bbox 668 1449 698 1504; x_wconf 85' lang='lat' dir='ltr'><strong>et</strong></span> <span class='ocrx_word' id='word_1_107' title='bbox 725 1436 788 1524; x_wconf 59' lang='lat' dir='ltr'><strong>(rel</strong></span> <span class='ocrx_word' id='word_1_108' title='bbox 819 1445 856 1505; x_wconf 91' lang='lat' dir='ltr'><strong>ab</strong></span> <span class='ocrx_word' id='word_1_109' title='bbox 878 1446 1112 1507; x_wconf 78' lang='lat' dir='ltr'><strong>Atheniensibus</strong></span> <span class='ocrx_word' id='word_1_110' title='bbox 1134 1445 1283 1531; x_wconf 86' lang='lat' dir='ltr'><strong>libertate</strong></span> 
     </span>
     <span class='ocr_line' id='line_1_13' title="bbox 146 1546 1271 1636; baseline 0.002 -29"><span class='ocrx_word' id='word_1_111' title='bbox 146 1549 192 1607; x_wconf 87' lang='lat' dir='ltr'><strong>eis</strong></span> <span class='ocrx_word' id='word_1_112' title='bbox 215 1546 336 1607; x_wconf 87' lang='lat' dir='ltr'><strong>decreta</strong></span> <span class='ocrx_word' id='word_1_113' title='bbox 358 1546 414 1625; x_wconf 94' lang='lat' dir='ltr'><strong>ipsi</strong></span> <span class='ocrx_word' id='word_1_114' title='bbox 437 1565 581 1607; x_wconf 90' lang='lat' dir='ltr'><strong>summam</strong></span> <span class='ocrx_word' id='word_1_115' title='bbox 603 1566 703 1608; x_wconf 87' lang='lat' dir='ltr'><strong>rerum</strong></span> <span class='ocrx_word' id='word_1_116' title='bbox 725 1552 903 1636; x_wconf 87' lang='lat' dir='ltr'><strong>tenuerunt,</strong></span> <span class='ocrx_word' id='word_1_117' title='bbox 925 1549 977 1609; x_wconf 91' lang='lat' dir='ltr'><strong>nbi</strong></span> <span class='ocrx_word' id='word_1_118' title='bbox 999 1549 1141 1625; x_wconf 71' lang='lat' dir='ltr'><strong>Krueger‘</strong></span> <span class='ocrx_word' id='word_1_119' title='bbox 1161 1549 1271 1626; x_wconf 85' lang='lat' dir='ltr'><strong>lnjuria</strong></span> 
     </span>
     <span class='ocr_line' id='line_1_14' title="bbox 143 1644 1271 1729; baseline 0.003 -21"><span class='ocrx_word' id='word_1_120' title='bbox 143 1644 186 1708; x_wconf 75' lang='grc' dir='ltr'><strong>δέ</strong></span> <span class='ocrx_word' id='word_1_121' title='bbox 208 1651 343 1727; x_wconf 84' lang='lat' dir='ltr'><strong>conjecit</strong></span> <span class='ocrx_word' id='word_1_122' title='bbox 366 1681 408 1690; x_wconf 86' lang='lat'>-</span> <span class='ocrx_word' id='word_1_123' title='bbox 442 1645 481 1710; x_wconf 79' lang='grc' dir='ltr'><em>Τέ</em></span> <span class='ocrx_word' id='word_1_124' title='bbox 503 1669 593 1728; x_wconf 88' lang='lat' dir='ltr'><strong>porro</strong></span> <span class='ocrx_word' id='word_1_125' title='bbox 624 1650 662 1711; x_wconf 92' lang='lat' dir='ltr'><strong>ad</strong></span> <span class='ocrx_word' id='word_1_126' title='bbox 686 1650 761 1710; x_wconf 87' lang='lat' dir='ltr'><strong>duas</strong></span> <span class='ocrx_word' id='word_1_127' title='bbox 792 1669 840 1711; x_wconf 89' lang='lat' dir='ltr'><strong>res</strong></span> <span class='ocrx_word' id='word_1_128' title='bbox 863 1652 974 1711; x_wconf 88' lang='lat' dir='ltr'><strong>certius</strong></span> <span class='ocrx_word' id='word_1_129' title='bbox 997 1651 1133 1713; x_wconf 86' lang='lat' dir='ltr'><strong>definitas</strong></span> <span class='ocrx_word' id='word_1_130' title='bbox 1156 1651 1271 1729; x_wconf 88' lang='lat' dir='ltr'><strong>aliquid</strong></span> 
     </span>
     <span class='ocr_line' id='line_1_15' title="bbox 145 1740 1271 1832; baseline 0.001 -20"><span class='ocrx_word' id='word_1_131' title='bbox 145 1752 231 1830; x_wconf 86' lang='lat' dir='ltr'><strong>quod</strong></span> <span class='ocrx_word' id='word_1_132' title='bbox 253 1752 343 1813; x_wconf 90' lang='lat' dir='ltr'><strong>latius</strong></span> <span class='ocrx_word' id='word_1_133' title='bbox 372 1757 455 1830; x_wconf 88' lang='lat' dir='ltr'><strong>patet</strong></span> <span class='ocrx_word' id='word_1_134' title='bbox 477 1754 623 1831; x_wconf 85' lang='lat' dir='ltr'><strong>annectit,</strong></span> <span class='ocrx_word' id='word_1_135' title='bbox 653 1757 687 1813; x_wconf 92' lang='lat' dir='ltr'><strong>ut</strong></span> <span class='ocrx_word' id='word_1_136' title='bbox 718 1748 836 1830; x_wconf 15' lang='lat' dir='ltr'><strong>Hiran,</strong></span> <span class='ocrx_word' id='word_1_137' title='bbox 865 1753 915 1814; x_wconf 89' lang='lat' dir='ltr'><strong>ubi</strong></span> <span class='ocrx_word' id='word_1_138' title='bbox 947 1758 1015 1832; x_wconf 93' lang='lat' dir='ltr'><strong>post</strong></span> <span class='ocrx_word' id='word_1_139' title='bbox 1042 1740 1211 1832; x_wconf 88' lang='lat' dir='ltr'><strong>snperbiam</strong></span> <span class='ocrx_word' id='word_1_140' title='bbox 1242 1756 1271 1814; x_wconf 89' lang='lat' dir='ltr'><strong>et</strong></span> 
     </span>
     <span class='ocr_line' id='line_1_16' title="bbox 145 1851 1270 1938; baseline 0 -22"><span class='ocrx_word' id='word_1_141' title='bbox 145 1856 306 1916; x_wconf 87' lang='lat' dir='ltr'><strong>avaritiam</strong></span> <span class='ocrx_word' id='word_1_142' title='bbox 330 1851 485 1916; x_wconf 86' lang='lat' dir='ltr'><strong>commune</strong></span> <span class='ocrx_word' id='word_1_143' title='bbox 507 1875 544 1916; x_wconf 83' lang='lat' dir='ltr'><strong>ex</strong></span> <span class='ocrx_word' id='word_1_144' title='bbox 567 1856 652 1915; x_wconf 91' lang='lat' dir='ltr'><strong>malis</strong></span> <span class='ocrx_word' id='word_1_145' title='bbox 675 1856 818 1933; x_wconf 86' lang='lat' dir='ltr'><strong>gandium</strong></span> <span class='ocrx_word' id='word_1_146' title='bbox 848 1875 1006 1935; x_wconf 88' lang='lat' dir='ltr'><strong>moresque</strong></span> <span class='ocrx_word' id='word_1_147' title='bbox 1032 1858 1168 1918; x_wconf 80' lang='lat' dir='ltr'><strong>dissoluti</strong></span> <span class='ocrx_word' id='word_1_148' title='bbox 1193 1875 1270 1938; x_wconf 71' lang='lat' dir='ltr'><strong>com3</strong></span> 
     </span>
     <span class='ocr_line' id='line_1_17' title="bbox 145 1949 1271 2040; baseline 0 -21"><span class='ocrx_word' id='word_1_149' title='bbox 145 1962 367 2034; x_wconf 89' lang='lat' dir='ltr'><strong>memorantur,</strong></span> <span class='ocrx_word' id='word_1_150' title='bbox 396 1958 432 2018; x_wconf 87' lang='lat' dir='ltr'><strong>cf.</strong></span> <span class='ocrx_word' id='word_1_151' title='bbox 460 1953 506 2018; x_wconf 81' lang='lat' dir='ltr'><strong>IV</strong></span> <span class='ocrx_word' id='word_1_152' title='bbox 527 1964 576 2032; x_wconf 87' lang='lat'><strong>34,</strong></span> <span class='ocrx_word' id='word_1_153' title='bbox 592 1965 624 2023; x_wconf 84' lang='lat'><strong>3:</strong></span> <span class='ocrx_word' id='word_1_154' title='bbox 661 1949 823 2019; x_wconf 80' lang='grc' dir='ltr'><strong><em>κινδύνου</em></strong></span> <span class='ocrx_word' id='word_1_155' title='bbox 852 1977 888 2020; x_wconf 87' lang='grc' dir='ltr'><strong>τε</strong></span> <span class='ocrx_word' id='word_1_156' title='bbox 915 1949 1133 2039; x_wconf 79' lang='grc' dir='ltr'><strong><em>πανταχόθεν</em></strong></span> <span class='ocrx_word' id='word_1_157' title='bbox 1162 1977 1271 2040; x_wconf 81' lang='grc' dir='ltr'><strong><em>περιε-</em></strong></span> 
     </span>
     <span class='ocr_line' id='line_1_18' title="bbox 145 2058 288 2131; baseline -0.014 -9"><span class='ocrx_word' id='word_1_158' title='bbox 145 2058 288 2131; x_wconf 79' lang='grc' dir='ltr'><strong><em>στῶτος.</em></strong></span> 
     </span>
    </p>

    <p class='ocr_par' dir='ltr' id='par_1_2' title="bbox 121 2165 1291 3474">
     <span class='ocr_line' id='line_1_19' title="bbox 234 2165 1270 2244; baseline 0.002 -20"><span class='ocrx_word' id='word_1_159' title='bbox 234 2165 290 2225; x_wconf 87' lang='lat' dir='ltr'><strong>His</strong></span> <span class='ocrx_word' id='word_1_160' title='bbox 321 2183 399 2242; x_wconf 90' lang='lat' dir='ltr'><strong>quae</strong></span> <span class='ocrx_word' id='word_1_161' title='bbox 429 2167 601 2226; x_wconf 81' lang='lat' dir='ltr'><strong>enumeravi</strong></span> <span class='ocrx_word' id='word_1_162' title='bbox 637 2167 807 2243; x_wconf 90' lang='lat' dir='ltr'><strong>quindecim</strong></span> <span class='ocrx_word' id='word_1_163' title='bbox 838 2166 981 2244; x_wconf 85' lang='lat' dir='ltr'><strong>exemplis</strong></span> <span class='ocrx_word' id='word_1_164' title='bbox 1007 2167 1089 2244; x_wconf 51' lang='lat' dir='ltr'><strong>jure¹</strong></span> <span class='ocrx_word' id='word_1_165' title='bbox 1107 2172 1181 2244; x_wconf 90' lang='lat' dir='ltr'><strong>puto</strong></span> <span class='ocrx_word' id='word_1_166' title='bbox 1211 2167 1270 2227; x_wconf 91' lang='lat' dir='ltr'><strong>dici</strong></span> 
     </span>
     <span class='ocr_line' id='line_1_20' title="bbox 144 2261 1271 2351; baseline 0.001 -22"><span class='ocrx_word' id='word_1_167' title='bbox 144 2286 237 2351; x_wconf 89' lang='lat' dir='ltr'><strong>posse</strong></span> <span class='ocrx_word' id='word_1_168' title='bbox 260 2268 413 2344; x_wconf 85' lang='lat' dir='ltr'><strong>particulis</strong></span> <span class='ocrx_word' id='word_1_169' title='bbox 435 2261 496 2344; x_wconf 84' lang='grc' dir='ltr'><strong>μέν</strong></span> <span class='ocrx_word' id='word_1_170' title='bbox 519 2271 549 2326; x_wconf 88' lang='lat' dir='ltr'><strong>et</strong></span> <span class='ocrx_word' id='word_1_171' title='bbox 571 2261 608 2326; x_wconf 77' lang='grc' dir='ltr'><strong>δέ</strong></span> <span class='ocrx_word' id='word_1_172' title='bbox 629 2261 735 2345; x_wconf 64' lang='lat' dir='ltr'><strong>perri</strong></span> <span class='ocrx_word' id='word_1_173' title='bbox 757 2269 877 2329; x_wconf 87' lang='lat' dir='ltr'><strong>tertium</strong></span> <span class='ocrx_word' id='word_1_174' title='bbox 893 2269 1058 2329; x_wconf 86' lang='lat' dir='ltr'><strong>membrum</strong></span> <span class='ocrx_word' id='word_1_175' title='bbox 1081 2271 1271 2347; x_wconf 80' lang='lat' dir='ltr'><strong>agglutinari,</strong></span> 
     </span>
     <span class='ocr_line' id='line_1_21' title="bbox 145 2354 1269 2454; baseline 0 -22"><span class='ocrx_word' id='word_1_176' title='bbox 145 2373 188 2433; x_wconf 88' lang='lat' dir='ltr'><strong>ita</strong></span> <span class='ocrx_word' id='word_1_177' title='bbox 211 2371 329 2430; x_wconf 88' lang='lat' dir='ltr'><strong>scilicet</strong></span> <span class='ocrx_word' id='word_1_178' title='bbox 350 2375 384 2430; x_wconf 91' lang='lat' dir='ltr'><strong>ut</strong></span> <span class='ocrx_word' id='word_1_179' title='bbox 405 2371 505 2454; x_wconf 79' lang='lat' dir='ltr'><strong>priora</strong></span> <span class='ocrx_word' id='word_1_180' title='bbox 527 2371 622 2430; x_wconf 87' lang='lat' dir='ltr'><strong>artius</strong></span> <span class='ocrx_word' id='word_1_181' title='bbox 644 2354 723 2432; x_wconf 86' lang='lat' dir='ltr'><strong>inter</strong></span> <span class='ocrx_word' id='word_1_182' title='bbox 745 2389 777 2432; x_wconf 91' lang='lat' dir='ltr'><strong>se</strong></span> <span class='ocrx_word' id='word_1_183' title='bbox 802 2372 942 2448; x_wconf 85' lang='lat' dir='ltr'><strong>copulata</strong></span> <span class='ocrx_word' id='word_1_184' title='bbox 964 2373 1037 2451; x_wconf 84' lang='lat' dir='ltr'><strong>sint,</strong></span> <span class='ocrx_word' id='word_1_185' title='bbox 1066 2374 1185 2434; x_wconf 88' lang='lat' dir='ltr'><strong>tertium</strong></span> <span class='ocrx_word' id='word_1_186' title='bbox 1208 2393 1269 2434; x_wconf 92' lang='lat' dir='ltr'><strong>rem</strong></span> 
     </span>
     <span class='ocr_line' id='line_1_22' title="bbox 147 2457 1270 2557; baseline 0.002 -22"><span class='ocrx_word' id='word_1_187' title='bbox 147 2473 335 2557; x_wconf 87' lang='lat' dir='ltr'><strong>remotiorem</strong></span> <span class='ocrx_word' id='word_1_188' title='bbox 368 2472 524 2534; x_wconf 90' lang='lat' dir='ltr'><strong>continens</strong></span> <span class='ocrx_word' id='word_1_189' title='bbox 554 2474 682 2534; x_wconf 80' lang='lat' dir='ltr'><strong>soluitur</strong></span> <span class='ocrx_word' id='word_1_190' title='bbox 710 2457 896 2535; x_wconf 83' lang='lat' dir='ltr'><strong>annectatur.</strong></span> <span class='ocrx_word' id='word_1_191' title='bbox 941 2473 1017 2535; x_wconf 84' lang='lat' dir='ltr'><strong>Sunt</strong></span> <span class='ocrx_word' id='word_1_192' title='bbox 1038 2475 1096 2534; x_wconf 91' lang='lat' dir='ltr'><strong>alia</strong></span> <span class='ocrx_word' id='word_1_193' title='bbox 1125 2478 1270 2555; x_wconf 82' lang='lat' dir='ltr'><strong>exempla,</strong></span> 
     </span>
     <span class='ocr_line' id='line_1_23' title="bbox 156 2558 1270 2657; baseline 0.006 -23"><span class='ocrx_word' id='word_1_194' title='bbox 156 2558 203 2635; x_wconf 89' lang='lat' dir='ltr'><strong>ubi</strong></span> <span class='ocrx_word' id='word_1_195' title='bbox 229 2580 384 2636; x_wconf 86' lang='lat' dir='ltr'><strong>structura</strong></span> <span class='ocrx_word' id='word_1_196' title='bbox 417 2576 535 2653; x_wconf 88' lang='lat' dir='ltr'><strong>quidem</strong></span> <span class='ocrx_word' id='word_1_197' title='bbox 569 2579 691 2657; x_wconf 91' lang='lat' dir='ltr'><strong>paulum</strong></span> <span class='ocrx_word' id='word_1_198' title='bbox 724 2578 880 2649; x_wconf 65' lang='lat' dir='ltr'><strong>variatum·</strong></span> <span class='ocrx_word' id='word_1_199' title='bbox 913 2596 961 2638; x_wconf 89' lang='lat' dir='ltr'><strong>res</strong></span> <span class='ocrx_word' id='word_1_200' title='bbox 995 2583 1098 2649; x_wconf 89' lang='lat' dir='ltr'><strong>autem</strong></span> <span class='ocrx_word' id='word_1_201' title='bbox 1132 2580 1270 2642; x_wconf 77' lang='lat' dir='ltr'><strong>&#39;secundo</strong></span> 
     </span>
     <span class='ocr_line' id='line_1_24' title="bbox 155 2673 1268 2762; baseline 0.004 -26"><span class='ocrx_word' id='word_1_202' title='bbox 155 2678 279 2748; x_wconf 87' lang='lat' dir='ltr'><strong>membro</strong></span> <span class='ocrx_word' id='word_1_203' title='bbox 295 2678 432 2755; x_wconf 87' lang='lat' dir='ltr'><strong>subjecta</strong></span> <span class='ocrx_word' id='word_1_204' title='bbox 448 2683 506 2738; x_wconf 88' lang='lat' dir='ltr'><strong>est:</strong></span> <span class='ocrx_word' id='word_1_205' title='bbox 529 2673 545 2735; x_wconf 94' lang='lat' dir='ltr'>I</span> <span class='ocrx_word' id='word_1_206' title='bbox 562 2682 612 2756; x_wconf 88' lang='grc'><strong>90,</strong></span> <span class='ocrx_word' id='word_1_207' title='bbox 628 2683 651 2762; x_wconf 76' lang='grc'>2</span> <span class='ocrx_word' id='word_1_208' title='bbox 664 2678 891 2738; x_wconf 84' lang='lat' dir='ltr'><strong>Lacedaemonii</strong></span> <span class='ocrx_word' id='word_1_209' title='bbox 905 2680 1103 2741; x_wconf 86' lang='lat' dir='ltr'><strong>Athenienses</strong></span> <span class='ocrx_word' id='word_1_210' title='bbox 1124 2701 1268 2743; x_wconf 88' lang='lat' dir='ltr'><strong>novorum</strong></span> 
     </span>
     <span class='ocr_line' id='line_1_25' title="bbox 145 2763 1270 2869; baseline 0.004 -30"><span class='ocrx_word' id='word_1_211' title='bbox 145 2798 301 2868; x_wconf 84' lang='lat' dir='ltr'><strong>¹murorum</strong></span> <span class='ocrx_word' id='word_1_212' title='bbox 325 2780 542 2841; x_wconf 88' lang='lat' dir='ltr'><strong>demolitionem</strong></span> <span class='ocrx_word' id='word_1_213' title='bbox 565 2763 701 2857; x_wconf 48' lang='lat' dir='ltr'><strong>poscunt)</strong></span> <span class='ocrx_word' id='word_1_214' title='bbox 723 2800 783 2841; x_wconf 91' lang='lat' dir='ltr'><strong>non</strong></span> <span class='ocrx_word' id='word_1_215' title='bbox 806 2798 907 2869; x_wconf 88' lang='lat' dir='ltr'><strong>veram</strong></span> <span class='ocrx_word' id='word_1_216' title='bbox 930 2800 1050 2842; x_wconf 90' lang='lat' dir='ltr'><strong>causam</strong></span> <span class='ocrx_word' id='word_1_217' title='bbox 1074 2783 1270 2864; x_wconf 82' lang='lat' dir='ltr'><strong>proferentes,</strong></span> 
     </span>
     <span class='ocr_line' id='line_1_26' title="bbox 146 2871 1269 2963; baseline 0.003 -20"><span class='ocrx_word' id='word_1_218' title='bbox 146 2882 203 2943; x_wconf 90' lang='lat' dir='ltr'><strong>sed</strong></span> <span class='ocrx_word' id='word_1_219' title='bbox 226 2883 308 2960; x_wconf 90' lang='lat' dir='ltr'><strong>quod</strong></span> <span class='ocrx_word' id='word_1_220' title='bbox 332 2885 442 2943; x_wconf 89' lang='lat' dir='ltr'><strong>Persae</strong></span> <span class='ocrx_word' id='word_1_221' title='bbox 474 2885 616 2943; x_wconf 91' lang='lat' dir='ltr'><strong>munitum</strong></span> <span class='ocrx_word' id='word_1_222' title='bbox 647 2884 746 2943; x_wconf 90' lang='lat' dir='ltr'><strong>locum</strong></span> <span class='ocrx_word' id='word_1_223' title='bbox 770 2902 829 2943; x_wconf 93' lang='lat' dir='ltr'><strong>non</strong></span> <span class='ocrx_word' id='word_1_224' title='bbox 859 2883 988 2944; x_wconf 87' lang='lat' dir='ltr'><strong>babituri</strong></span> <span class='ocrx_word' id='word_1_225' title='bbox 1010 2885 1079 2963; x_wconf 89' lang='lat' dir='ltr'><strong>sint,</strong></span> <span class='ocrx_word' id='word_1_226' title='bbox 1108 2871 1188 2946; x_wconf 90' lang='lat' dir='ltr'><strong>unde</strong></span> <span class='ocrx_word' id='word_1_227' title='bbox 1218 2887 1269 2946; x_wconf 55' lang='lat' dir='ltr'><strong>ex*</strong></span> 
     </span>
     <span class='ocr_line' id='line_1_27' title="bbox 121 2967 1271 3065; baseline 0.003 -20"><span class='ocrx_word' id='word_1_228' title='bbox 121 3024 125 3029; x_wconf 90' lang='lat'>-</span> <span class='ocrx_word' id='word_1_229' title='bbox 146 2987 305 3047; x_wconf 88' lang='lat' dir='ltr'><strong>cursiones</strong></span> <span class='ocrx_word' id='word_1_230' title='bbox 327 2986 450 3065; x_wconf 86' lang='lat' dir='ltr'><strong>faciant,</strong></span> <span class='ocrx_word' id='word_1_231' title='bbox 474 2990 504 3046; x_wconf 90' lang='lat' dir='ltr'><strong>et</strong></span> <span class='ocrx_word' id='word_1_232' title='bbox 526 2979 586 3060; x_wconf 81' lang='grc' dir='ltr'>(τέ)</span> <span class='ocrx_word' id='word_1_233' title='bbox 609 2967 849 3063; x_wconf 82' lang='lat' dir='ltr'><strong>Peloponnesum</strong></span> <span class='ocrx_word' id='word_1_234' title='bbox 874 2986 946 3047; x_wconf 85' lang='lat' dir='ltr'><strong>satis</strong></span> <span class='ocrx_word' id='word_1_235' title='bbox 968 2975 1106 3048; x_wconf 87' lang='lat' dir='ltr'><strong>idoneum</strong></span> <span class='ocrx_word' id='word_1_236' title='bbox 1132 2978 1271 3050; x_wconf 86' lang='lat' dir='ltr'><strong>dicebant</strong></span> 
     </span>
     <span class='ocr_line' id='line_1_28' title="bbox 145 3072 1291 3169; baseline 0.003 -20"><span class='ocrx_word' id='word_1_237' title='bbox 145 3089 285 3149; x_wconf 89' lang='lat' dir='ltr'><strong>omnibus</strong></span> <span class='ocrx_word' id='word_1_238' title='bbox 308 3107 372 3148; x_wconf 90' lang='lat' dir='ltr'><strong>esse</strong></span> <span class='ocrx_word' id='word_1_239' title='bbox 395 3072 561 3166; x_wconf 82' lang='lat' dir='ltr'><strong>receptum:</strong></span> <span class='ocrx_word' id='word_1_240' title='bbox 590 3088 638 3148; x_wconf 93' lang='lat' dir='ltr'><strong>hic</strong></span> <span class='ocrx_word' id='word_1_241' title='bbox 668 3089 759 3166; x_wconf 84' lang='lat' dir='ltr'><strong>igitur</strong></span> <span class='ocrx_word' id='word_1_242' title='bbox 780 3090 968 3165; x_wconf 86' lang='lat' dir='ltr'><strong>negationem</strong></span> <span class='ocrx_word' id='word_1_243' title='bbox 997 3089 1074 3150; x_wconf 90' lang='lat' dir='ltr'><strong>duae</strong></span> <span class='ocrx_word' id='word_1_244' title='bbox 1101 3095 1291 3169; x_wconf 82' lang='lat' dir='ltr'><strong>sequuntur&#39;</strong></span> 
     </span>
     <span class='ocr_line' id='line_1_29' title="bbox 147 3179 1268 3271; baseline 0.004 -21"><span class='ocrx_word' id='word_1_245' title='bbox 147 3189 346 3252; x_wconf 85' lang='lat' dir='ltr'><strong>affirmativae</strong></span> <span class='ocrx_word' id='word_1_246' title='bbox 369 3179 487 3268; x_wconf 83' lang='lat' dir='ltr'><strong>causae,</strong></span> <span class='ocrx_word' id='word_1_247' title='bbox 510 3191 562 3252; x_wconf 94' lang='lat' dir='ltr'><strong>sed</strong></span> <span class='ocrx_word' id='word_1_248' title='bbox 580 3201 653 3252; x_wconf 89' lang='lat' dir='ltr'><strong>cum</strong></span> <span class='ocrx_word' id='word_1_249' title='bbox 676 3181 716 3250; x_wconf 86' lang='lat' dir='ltr'><strong>ad</strong></span> <span class='ocrx_word' id='word_1_250' title='bbox 736 3185 799 3269; x_wconf 84' lang='grc' dir='ltr'><strong>μέν</strong></span> <span class='ocrx_word' id='word_1_251' title='bbox 813 3195 843 3251; x_wconf 87' lang='lat' dir='ltr'><strong>et</strong></span> <span class='ocrx_word' id='word_1_252' title='bbox 866 3185 904 3250; x_wconf 81' lang='grc' dir='ltr'><strong>δέ</strong></span> <span class='ocrx_word' id='word_1_253' title='bbox 925 3210 992 3252; x_wconf 93' lang='lat' dir='ltr'><strong>cum</strong></span> <span class='ocrx_word' id='word_1_254' title='bbox 1012 3195 1178 3271; x_wconf 85' lang='lat' dir='ltr'><strong>participiis</strong></span> <span class='ocrx_word' id='word_1_255' title='bbox 1200 3213 1268 3254; x_wconf 92' lang='lat' dir='ltr'><strong>con-</strong></span> 
     </span>
     <span class='ocr_line' id='line_1_30' title="bbox 142 3280 1270 3372; baseline 0.003 -19"><span class='ocrx_word' id='word_1_256' title='bbox 142 3294 253 3372; x_wconf 86' lang='lat' dir='ltr'><strong>juncta</strong></span> <span class='ocrx_word' id='word_1_257' title='bbox 275 3313 431 3354; x_wconf 89' lang='lat' dir='ltr'><strong>commune</strong></span> <span class='ocrx_word' id='word_1_258' title='bbox 454 3294 602 3355; x_wconf 86' lang='lat' dir='ltr'><strong>referatur</strong></span> <span class='ocrx_word' id='word_1_259' title='bbox 617 3294 742 3355; x_wconf 85' lang='lat' dir='ltr'><strong>verbum</strong></span> <span class='ocrx_word' id='word_1_260' title='bbox 763 3293 878 3354; x_wconf 90' lang='lat' dir='ltr'><strong>finitum</strong></span> <span class='ocrx_word' id='word_1_261' title='bbox 901 3280 1031 3372; x_wconf 74' lang='grc' dir='ltr'><strong>ἠξίουν,</strong></span> <span class='ocrx_word' id='word_1_262' title='bbox 1054 3295 1091 3355; x_wconf 95' lang='lat' dir='ltr'><strong>ad</strong></span> <span class='ocrx_word' id='word_1_263' title='bbox 1107 3291 1145 3355; x_wconf 83' lang='grc' dir='ltr'><strong>τέ</strong></span> <span class='ocrx_word' id='word_1_264' title='bbox 1159 3316 1270 3357; x_wconf 89' lang='lat' dir='ltr'><strong>novum</strong></span> 
     </span>
     <span class='ocr_line' id='line_1_31' title="bbox 146 3387 677 3474; baseline 0.004 -19"><span class='ocrx_word' id='word_1_265' title='bbox 146 3395 340 3456; x_wconf 83' lang='lat' dir='ltr'><strong>substituitur</strong></span> <span class='ocrx_word' id='word_1_266' title='bbox 362 3387 497 3474; x_wconf 77' lang='grc' dir='ltr'><strong>ἐ’φασαν,</strong></span> <span class='ocrx_word' id='word_1_267' title='bbox 520 3396 557 3455; x_wconf 85' lang='lat' dir='ltr'><strong>cf.</strong></span> <span class='ocrx_word' id='word_1_268' title='bbox 578 3390 633 3474; x_wconf 87' lang='lat' dir='ltr'><strong>IV,</strong></span> <span class='ocrx_word' id='word_1_269' title='bbox 650 3401 677 3457; x_wconf 86' lang='grc'><strong>6.</strong></span> 
     </span>
    </p>

    <p class='ocr_par' dir='ltr' id='par_1_3' title="bbox 68 3484 1269 4300">
     <span class='ocr_line' id='line_1_32' title="bbox 234 3484 1269 3577; baseline 0.004 -19"><span class='ocrx_word' id='word_1_270' title='bbox 234 3500 333 3576; x_wconf 81' lang='lat' dir='ltr'><strong>Atque</strong></span> <span class='ocrx_word' id='word_1_271' title='bbox 355 3499 402 3558; x_wconf 91' lang='lat' dir='ltr'><strong>his</strong></span> <span class='ocrx_word' id='word_1_272' title='bbox 425 3500 545 3577; x_wconf 90' lang='lat' dir='ltr'><strong>quidem</strong></span> <span class='ocrx_word' id='word_1_273' title='bbox 561 3501 633 3559; x_wconf 92' lang='lat' dir='ltr'><strong>locis</strong></span> <span class='ocrx_word' id='word_1_274' title='bbox 653 3484 690 3557; x_wconf 73' lang='grc' dir='ltr'><strong>τε</strong></span> <span class='ocrx_word' id='word_1_275' title='bbox 713 3503 792 3560; x_wconf 91' lang='lat' dir='ltr'><strong>recte</strong></span> <span class='ocrx_word' id='word_1_276' title='bbox 809 3517 841 3559; x_wconf 88' lang='lat' dir='ltr'><strong>se</strong></span> <span class='ocrx_word' id='word_1_277' title='bbox 865 3500 962 3560; x_wconf 89' lang='lat' dir='ltr'><strong>babet.</strong></span> <span class='ocrx_word' id='word_1_278' title='bbox 1003 3501 1147 3561; x_wconf 73' lang='lat' dir='ltr'><strong>&#39;Nonnulli</strong></span> <span class='ocrx_word' id='word_1_279' title='bbox 1169 3506 1269 3562; x_wconf 88' lang='lat' dir='ltr'><strong>autem</strong></span> 
     </span>
     <span class='ocr_line' id='line_1_33' title="bbox 146 3591 1269 3680; baseline 0.003 -20"><span class='ocrx_word' id='word_1_280' title='bbox 146 3603 310 3679; x_wconf 79' lang='lat' dir='ltr'><strong>sentinet,</strong></span> <span class='ocrx_word' id='word_1_281' title='bbox 333 3603 382 3663; x_wconf 91' lang='lat' dir='ltr'><strong>nbi</strong></span> <span class='ocrx_word' id='word_1_282' title='bbox 406 3601 514 3679; x_wconf 87' lang='lat' dir='ltr'><strong>injuria</strong></span> <span class='ocrx_word' id='word_1_283' title='bbox 537 3603 607 3662; x_wconf 91' lang='lat' dir='ltr'><strong>mihi</strong></span> <span class='ocrx_word' id='word_1_284' title='bbox 631 3601 803 3663; x_wconf 78' lang='lat' dir='ltr'><strong>Classenius</strong></span> <span class='ocrx_word' id='word_1_285' title='bbox 825 3601 989 3680; x_wconf 90' lang='lat' dir='ltr'><strong>particulae</strong></span> <span class='ocrx_word' id='word_1_286' title='bbox 1012 3591 1048 3659; x_wconf 82' lang='grc' dir='ltr'><em>τὲ</em></span> <span class='ocrx_word' id='word_1_287' title='bbox 1066 3604 1124 3661; x_wconf 90' lang='lat' dir='ltr'><strong>vim</strong></span> <span class='ocrx_word' id='word_1_288' title='bbox 1148 3603 1186 3663; x_wconf 92' lang='lat' dir='ltr'><strong>de</strong></span> <span class='ocrx_word' id='word_1_289' title='bbox 1209 3622 1269 3680; x_wconf 88' lang='lat' dir='ltr'><strong>qua</strong></span> 
     </span>
     <span class='ocr_line' id='line_1_34' title="bbox 147 3699 1268 3783; baseline 0.003 -20"><span class='ocrx_word' id='word_1_290' title='bbox 147 3703 275 3764; x_wconf 89' lang='lat' dir='ltr'><strong>dicimus</strong></span> <span class='ocrx_word' id='word_1_291' title='bbox 305 3706 474 3766; x_wconf 90' lang='lat' dir='ltr'><strong>attribuisse</strong></span> <span class='ocrx_word' id='word_1_292' title='bbox 505 3701 633 3765; x_wconf 85' lang='lat' dir='ltr'><strong>videtur.</strong></span> <span class='ocrx_word' id='word_1_293' title='bbox 683 3707 764 3765; x_wconf 89' lang='lat' dir='ltr'><strong>Bene</strong></span> <span class='ocrx_word' id='word_1_294' title='bbox 795 3705 913 3783; x_wconf 90' lang='lat' dir='ltr'><strong>quidem</strong></span> <span class='ocrx_word' id='word_1_295' title='bbox 943 3705 983 3763; x_wconf 92' lang='lat' dir='ltr'><strong>ad</strong></span> <span class='ocrx_word' id='word_1_296' title='bbox 1011 3699 1057 3762; x_wconf 88' lang='lat' dir='ltr'><strong>IV</strong></span> <span class='ocrx_word' id='word_1_297' title='bbox 1078 3709 1117 3766; x_wconf 85' lang='grc'><strong>98</strong></span> <span class='ocrx_word' id='word_1_298' title='bbox 1149 3706 1268 3766; x_wconf 92' lang='lat' dir='ltr'><strong>demon-</strong></span> 
     </span>
     <span class='ocr_line' id='line_1_35' title="bbox 68 3794 1269 3888; baseline 0.003 -21"><span class='ocrx_word' id='word_1_299' title='bbox 68 3797 80 3809; x_wconf 79' lang='grc'>”</span> <span class='ocrx_word' id='word_1_300' title='bbox 147 3810 255 3884; x_wconf 87' lang='lat' dir='ltr'><strong>stravit</strong></span> <span class='ocrx_word' id='word_1_301' title='bbox 276 3805 338 3867; x_wconf 84' lang='grc' dir='ltr'><strong>τοῦ</strong></span> <span class='ocrx_word' id='word_1_302' title='bbox 359 3802 420 3886; x_wconf 79' lang='grc' dir='ltr'><strong>μὲν</strong></span> <span class='ocrx_word' id='word_1_303' title='bbox 442 3800 545 3888; x_wconf 66' lang='lat' dir='ltr'><strong>lepori*</strong></span> <span class='ocrx_word' id='word_1_304' title='bbox 566 3823 605 3848; x_wconf 71' lang='grc'><strong>-’-</strong></span> <span class='ocrx_word' id='word_1_305' title='bbox 628 3794 691 3866; x_wconf 85' lang='grc' dir='ltr'><strong>τόν</strong></span> <span class='ocrx_word' id='word_1_306' title='bbox 713 3801 748 3866; x_wconf 76' lang='lat' dir='ltr'><strong>di</strong></span> <span class='ocrx_word' id='word_1_307' title='bbox 771 3798 878 3886; x_wconf 84' lang='grc' dir='ltr'><strong><em>νόμον</em></strong></span> <span class='ocrx_word' id='word_1_308' title='bbox 900 3839 940 3848; x_wconf 89' lang='grc'>-</span> <span class='ocrx_word' id='word_1_309' title='bbox 962 3794 1057 3886; x_wconf 75' lang='grc' dir='ltr'><strong>ὕδωρ</strong></span> <span class='ocrx_word' id='word_1_310' title='bbox 1079 3825 1116 3868; x_wconf 85' lang='grc' dir='ltr'><strong>τε</strong></span> <span class='ocrx_word' id='word_1_311' title='bbox 1139 3810 1215 3870; x_wconf 86' lang='lat' dir='ltr'><strong>inter</strong></span> <span class='ocrx_word' id='word_1_312' title='bbox 1238 3829 1269 3871; x_wconf 90' lang='lat' dir='ltr'><strong>se</strong></span> 
     </span>
     <span class='ocr_line' id='line_1_36' title="bbox 146 3897 1269 3991; baseline 0.002 -20"><span class='ocrx_word' id='word_1_313' title='bbox 146 3912 288 3989; x_wconf 87' lang='lat' dir='ltr'><strong>copulata</strong></span> <span class='ocrx_word' id='word_1_314' title='bbox 311 3929 386 3979; x_wconf 87' lang='lat' dir='ltr'><strong>esse.</strong></span> <span class='ocrx_word' id='word_1_315' title='bbox 429 3913 541 3973; x_wconf 91' lang='lat' dir='ltr'><strong>Dubito</strong></span> <span class='ocrx_word' id='word_1_316' title='bbox 565 3914 637 3973; x_wconf 75' lang='lat' dir='ltr'><strong>uero</strong></span> <span class='ocrx_word' id='word_1_317' title='bbox 660 3931 730 3973; x_wconf 90' lang='lat' dir='ltr'><strong>num</strong></span> <span class='ocrx_word' id='word_1_318' title='bbox 753 3907 800 3970; x_wconf 89' lang='lat' dir='ltr'><strong>III</strong></span> <span class='ocrx_word' id='word_1_319' title='bbox 817 3916 899 3990; x_wconf 89' lang='grc'><strong>34,3</strong></span> <span class='ocrx_word' id='word_1_320' title='bbox 931 3913 1025 3972; x_wconf 88' lang='lat' dir='ltr'><strong>verba</strong></span> <span class='ocrx_word' id='word_1_321' title='bbox 1045 3901 1126 3983; x_wconf 85' lang='grc' dir='ltr'><em>τούς</em></span> <span class='ocrx_word' id='word_1_322' title='bbox 1147 3930 1184 3972; x_wconf 85' lang='grc' dir='ltr'><strong>τε</strong></span> <span class='ocrx_word' id='word_1_323' title='bbox 1204 3897 1269 3991; x_wconf 80' lang='grc' dir='ltr'><strong>Ἆρ-</strong></span> 
     </span>
     <span class='ocr_line' id='line_1_37' title="bbox 146 4003 1268 4092; baseline 0.004 -21"><span class='ocrx_word' id='word_1_324' title='bbox 146 4003 252 4084; x_wconf 85' lang='grc' dir='ltr'><strong><em>κάδας</em></strong></span> <span class='ocrx_word' id='word_1_325' title='bbox 285 4045 329 4054; x_wconf 86' lang='lat'><em>-</em></span> <span class='ocrx_word' id='word_1_326' title='bbox 366 4009 555 4091; x_wconf 76' lang='grc' dir='ltr'><strong><em>διαφθείρει</em></strong></span> <span class='ocrx_word' id='word_1_327' title='bbox 592 4033 654 4074; x_wconf 87' lang='lat' dir='ltr'><strong>rem</strong></span> <span class='ocrx_word' id='word_1_328' title='bbox 685 4015 775 4092; x_wconf 90' lang='lat' dir='ltr'><strong>plane</strong></span> <span class='ocrx_word' id='word_1_329' title='bbox 805 4033 911 4087; x_wconf 88' lang='lat' dir='ltr'><strong>novam</strong></span> <span class='ocrx_word' id='word_1_330' title='bbox 944 4013 1115 4090; x_wconf 84' lang='lat' dir='ltr'><strong>significent</strong></span> <span class='ocrx_word' id='word_1_331' title='bbox 1144 4035 1179 4076; x_wconf 91' lang='lat' dir='ltr'><strong>ac</strong></span> <span class='ocrx_word' id='word_1_332' title='bbox 1209 4034 1268 4077; x_wconf 91' lang='lat' dir='ltr'><strong>non</strong></span> 
     </span>
     <span class='ocr_line' id='line_1_38' title="bbox 147 4102 1269 4196; baseline 0.002 -20"><span class='ocrx_word' id='word_1_333' title='bbox 147 4117 246 4194; x_wconf 88' lang='lat' dir='ltr'><strong>potins</strong></span> <span class='ocrx_word' id='word_1_334' title='bbox 269 4118 361 4177; x_wconf 89' lang='lat' dir='ltr'><strong>artius</strong></span> <span class='ocrx_word' id='word_1_335' title='bbox 385 4118 420 4176; x_wconf 90' lang='lat' dir='ltr'><strong>ad</strong></span> <span class='ocrx_word' id='word_1_336' title='bbox 445 4118 535 4179; x_wconf 90' lang='lat' dir='ltr'><strong>verba</strong></span> <span class='ocrx_word' id='word_1_337' title='bbox 557 4102 660 4188; x_wconf 79' lang='grc' dir='ltr'><strong><em>αὐτὸς</em></strong></span> <span class='ocrx_word' id='word_1_338' title='bbox 676 4111 711 4176; x_wconf 74' lang='grc' dir='ltr'><strong>δὲ</strong></span> <span class='ocrx_word' id='word_1_339' title='bbox 733 4106 937 4196; x_wconf 71' lang='grc' dir='ltr'><strong><em>προσβαλών</em></strong></span> <span class='ocrx_word' id='word_1_340' title='bbox 957 4148 998 4157; x_wconf 93' lang='grc'>-</span> <span class='ocrx_word' id='word_1_341' title='bbox 1014 4109 1101 4194; x_wconf 77' lang='grc' dir='ltr'><strong><em>αἱρεῖ</em></strong></span> <span class='ocrx_word' id='word_1_342' title='bbox 1123 4119 1269 4179; x_wconf 88' lang='lat' dir='ltr'><strong>trahenda</strong></span> 
     </span>
     <span class='ocr_line' id='line_1_39' title="bbox 147 4215 1268 4300; baseline 0.002 -20"><span class='ocrx_word' id='word_1_343' title='bbox 147 4221 215 4280; x_wconf 91' lang='lat' dir='ltr'><strong>sint.</strong></span> <span class='ocrx_word' id='word_1_344' title='bbox 262 4215 336 4278; x_wconf 94' lang='lat' dir='ltr'>VIII</span> <span class='ocrx_word' id='word_1_345' title='bbox 354 4225 394 4282; x_wconf 82' lang='lat'><strong>70</strong></span> <span class='ocrx_word' id='word_1_346' title='bbox 416 4222 480 4280; x_wconf 89' lang='lat' dir='ltr'><strong>sine</strong></span> <span class='ocrx_word' id='word_1_347' title='bbox 503 4222 594 4282; x_wconf 91' lang='lat' dir='ltr'><strong>dubio</strong></span> <span class='ocrx_word' id='word_1_348' title='bbox 618 4220 755 4298; x_wconf 91' lang='lat' dir='ltr'><strong>opposita</strong></span> <span class='ocrx_word' id='word_1_349' title='bbox 777 4225 847 4280; x_wconf 92' lang='lat' dir='ltr'><strong>sunt</strong></span> <span class='ocrx_word' id='word_1_350' title='bbox 869 4239 949 4297; x_wconf 89' lang='lat' dir='ltr'><strong>quae</strong></span> <span class='ocrx_word' id='word_1_351' title='bbox 970 4221 1181 4298; x_wconf 79' lang='lat' dir='ltr'><strong>quadringenti</strong></span> <span class='ocrx_word' id='word_1_352' title='bbox 1204 4223 1268 4300; x_wconf 91' lang='lat' dir='ltr'><strong>ipso</strong></span> 
     </span>
    </p>

    <p class='ocr_par' dir='ltr' id='par_1_4' title="bbox 1016 4337 1030 4386">
     <span class='ocr_line' id='line_1_40' title="bbox 1016 4337 1030 4386; baseline 0 0"><span class='ocrx_word' id='word_1_353' title='bbox 1016 4337 1030 4386; x_wconf 88' lang='lat'><strong>3</strong></span> 
     </span>
    </p>
   </div>
   <div class='ocr_carea' id='block_1_2' title="bbox 0 0 1426 4620">
    <p class='ocr_par' dir='ltr' id='par_1_5' title="bbox 0 0 1426 4620">
     <span class='ocr_line' id='line_1_41' title="bbox 0 0 1426 4620; baseline 0 0"><span class='ocrx_word' id='word_1_354' title='bbox 0 0 1426 4620; x_wconf 95' lang='lat' dir='ltr'><strong> </strong></span> 
     </span>
    </p>
   </div>
  </div>
 </body>
</html>
