2842 4620
1225 248 1266 307 35

148 419 211 477 erat
233 413 271 488 (c.
292 409 334 494 9),
363 415 437 475 adeo
460 418 625 492 prematur,
653 414 734 490 quod
758 414 842 474 ficret
864 415 968 492 partie.
988 404 1025 474 τέ
1047 415 1196 490 adbibita;
1226 416 1267 475 in·

148 519 261 580 dicaret
282 521 361 579 enim
384 536 480 595 genus
503 517 627 578 militum
650 518 740 596 longe
764 517 955 592 diversum.1)

231 622 290 683 Sed
312 640 372 682 non
398 621 462 698 jam
485 621 557 680 satis
580 623 633 681 est.
677 622 712 680 In
735 621 824 681 tortio
857 622 935 681 enim
958 622 1103 682 enuntiati
1127 621 1267 697 membro,

148 725 228 802 quod
259 728 374 802 quanta
403 725 541 784 libertate
571 726 662 800 atque
696 724 844 783 varietate
872 723 1013 800 alligetur
1038 725 1099 802 jam
1131 723 1268 801 vidimus,

147 833 216 905 post
243 817 305 905 μέν
330 856 372 868 -
402 815 437 884 δέ
467 827 554 886 eiiam
585 825 733 903 particula
767 819 825 884 καί
856 827 966 886 usitata
995 832 1048 888 est
1099 828 1270 904 Usurpatur
1338 859 1340 863 <

148 936 258 1006 autem,
280 930 362 1007 quod
378 929 466 990 facile
481 929 674 1006 intellegitur,
695 928 840 1006 imprimis
861 930 891 989 in
911 930 1130 1005 partitionibus.
1173 932 1269 990 Nemo

147 1038 228 1093 certe
251 1032 426 1092 anomaliam
450 1034 595 1108 agnoscet
617 1031 647 1089 in
671 1030 815 1108 exemplis
841 1032 939 1108 qualia
961 1031 1103 1092 babemus
1126 1025 1219 1104 V68,
1235 1036 1267 1094 3:

150 1125 244 1213 λόχοι
265 1128 327 1213 μὲν
352 1124 414 1213 γὰρ
437 1123 601 1211 ἐμάχοντο
624 1122 723 1207 ἑπτά,
754 1124 791 1191 έν
813 1126 849 1192 δὲ
871 1122 1002 1212 ἑκάστῳ
1033 1123 1123 1213 λόχῳ
1149 1151 1269 1213 πεντη-

146 1227 285 1307 κοστύες
307 1223 394 1315 ἦσαν
415 1226 584 1314 τέτταρες,
614 1230 670 1294 καὶ
701 1228 739 1294 έν
767 1233 809 1312 τῇ
835 1225 1059 1316 πεντηκοστύι
1089 1228 1269 1315 ένοομοτέαι

146 1328 310 1428 τέτταρες,
341 1340 388 1399 vel
410 1335 457 1398 111
473 1343 523 1416 94,
538 1342 571 1401 5:
600 1335 741 1416 πρῶτον
762 1333 824 1416 μέν
845 1369 888 1378 -
910 1327 1025 1397 ἔπειτα
1046 1369 1087 1380 -
1110 1334 1167 1398 καὶ
1188 1329 1271 1418 μετὰ

145 1432 297 1515 τούτους,
320 1442 356 1502 cl.
378 1435 424 1501 IV
442 1445 491 1520 78,
507 1445 535 1502 5.
587 1442 691 1502 Verbis
721 1435 777 1499 καὶ
807 1427 915 1500 τᾶλλα
938 1436 982 1501 VI
999 1447 1027 1521 8,
1042 1447 1071 1503 λ.
1095 1447 1178 1519 16‚2
1202 1447 1270 1520 post

148 1546 222 1608 duas
258 1564 306 1606 res
336 1546 447 1605 certius
482 1544 619 1605 definitas
655 1544 766 1621 aliquid
796 1544 918 1604 additur
949 1545 1029 1622 quod
1059 1546 1148 1606 latius
1179 1550 1271 1623 patet.

146 1644 228 1720 Iit,
244 1653 276 1710 3:
299 1635 624 1727 κατηναγκάσθημεν
645 1636 787 1724 μάλιστα
805 1640 867 1725 μὲν
881 1631 952 1706 ὑπὸ
969 1637 1075 1721 δέους,
1098 1637 1212 1707 ἔπειτα
1235 1641 1271 1707 δὲ

146 1745 202 1809 καὶ
223 1747 334 1828 τιμῆς,
359 1735 503 1827 ὕστερον
531 1744 588 1807 καὶ
611 1734 755 1826 ὠφελίας
777 1751 954 1825 particulam
981 1745 1037 1809 καί
1066 1770 1127 1811 non
1150 1752 1272 1829 copula·
1301 1743 1305 1754 ’

145 1855 236 1914 tinam
259 1872 335 1931 esse,
356 1853 409 1913 sed
432 1847 487 1911 καί
502 1852 584 1930 quod
600 1856 728 1914 vocatur
746 1843 944 1913 έπιτοιτικόν
958 1859 1093 1931 apparet
1115 1838 1273 1931 Ὕστερον

146 1961 253 2038 autem
277 1973 347 2015 num
378 1959 411 2015 ut
440 1944 553 2014 ἔπειτα
584 1955 648 2015 sine
678 1944 713 2013 δέ
748 1955 854 2016 inferri
889 1957 985 2033 possit
1015 1955 1136 2034 dubito,
1170 1958 1271 2035 itaque

146 2058 235 2119 valde
257 2058 411 2135 probabile
435 2058 503 2117 mibi
526 2057 647 2117 videtur
670 2057 751 2134 quod
774 2058 890 2134 Krueg.
913 2060 1070 2136 proposuit
1091 2060 1270 2137 particulam

146 2151 182 2220 δέ
203 2167 273 2239 post
296 2151 410 2219 ἔπειτα
433 2160 562 2221 deletam
584 2164 653 2236 post
673 2145 818 2238 ὕστερον
840 2162 980 2223 inserere.

232 2265 465 2339 Nonnumquam
511 2262 659 2341 particula
703 2262 873 2340 copulativa
914 2282 949 2325 eo
988 2267 1150 2324 excusatur
1189 2264 1270 2342 quod

145 2353 280 2429 secunda
313 2372 344 2427 et
372 2367 461 2426 tertia
489 2383 560 2441 pars
596 2366 725 2442 aliquam
754 2367 906 2428 notionem
936 2386 1122 2428 communem
1152 2368 1271 2448 habent,

147 2465 192 2530 VI
209 2476 258 2547 67,
275 2475 307 2531 2:
323 2459 517 2548 ἐβοήθησαν
531 2453 647 2540 αὐτοῖς
662 2459 900 2529 Σελινούντιοι
914 2464 975 2548 μὲν
989 2460 1142 2549 μάλιστα,
1158 2460 1272 2530 ἔπειτα

146 2568 184 2634 δὲ
212 2567 269 2632 καὶ
299 2561 449 2632 Γελοέων
479 2563 584 2649 ἱππῆς
614 2603 669 2647 -,
703 2567 759 2631 καὶ
791 2567 1032 2652 Καμαριναίων
1060 2565 1166 2654 ἱππῆς
1196 2590 1272 2646 xta„

146 2671 241 2754 Vra,
256 2681 288 2737 4:
313 2660 488 2734 ἀπέθανον
507 2659 662 2752 Ἀργείων
683 2669 745 2752 μὲν
767 2705 809 2717 -
832 2665 1042 2750 ἑπτακόσιοι,
1072 2666 1273 2735 Μαντινέων

146 2772 183 2838 δὲ
205 2768 385 2850 διακόσιοι,
416 2771 473 2835 καὶ
502 2762 691 2858 Ἀθηναίων
717 2768 780 2853 ξὺν
806 2767 1002 2856 Αἰγινήταις
1025 2768 1199 2853 διακόσιοι,
1221 2781 1272 2839 ubi

146 2875 204 2939 καί
225 2882 305 2940 valet
327 2879 390 2940 und
413 2879 500 2954 auch,
522 2880 585 2940 und
607 2880 727 2940 ebenso.
770 2874 935 2940 In'Niciae
958 2880 1086 2958 epistola
1110 2874 1168 2939 VH
1182 2885 1231 2957 13,
1244 2885 1271 2953 2,

147 2984 198 3044 ubi
216 2984 253 3044 de
276 2985 353 3044 tristi
370 2984 519 3044 exercitus
543 2983 745 3043 deminutione
760 2982 833 3042 dicit
847 2983 1004 3061 participio
1026 2967 1272 3061 ἀπολλυμένων

146 3087 235 3146 solita
257 3084 295 3144 ad
320 3087 401 3145 verb.
424 3086 473 3145 fin.
496 3088 672 3146 transitione
696 3086 859 3163 opponitur
886 3069 1115 3163 αὐτομολοῦσι
1137 3091 1167 3146 et
1190 3072 1273 3145 ἀπο-

144 3184 304 3268 χωροῦσι,
327 3208 404 3266 quae
427 3189 522 3249 verba
545 3188 622 3249 idem
646 3188 709 3248 fere
725 3188 903 3264 significant
946 3183 991 3248 IV
1009 3192 1114 3265 102‚2
1138 3207 1198 3249 non
1214 3190 1272 3248 tria
1333 3201 1337 3209 '

147 3293 279 3353 membra
301 3297 384 3369 sunt,
405 3291 458 3352 sed
481 3291 681 3352 Athenienses
700 3292 894 3366 Aristagorae
917 3296 1120 3369 opponuntur.
1164 3293 1271 3368 Neque

148 3397 242 3472 magis
271 3396 331 3455 hnc
361 3413 397 3454 ea
423 3394 560 3470 exempla
585 3392 733 3454 trahenda
763 3397 848 3466 sunt,
880 3393 931 3453 ubi
960 3396 1078 3454 tertium
1110 3394 1271 3454 membrum

148 3499 222 3559 nihil
245 3503 291 3558 est
319 3499 376 3557 nisi
408 3497 592 3557 continuatio
619 3496 744 3556 secundi
774 3497 861 3573 eique
884 3497 938 3557 soli
962 3474 1074 3574 aliquid
1098 3496 1193 3568 addit,
1223 3515 1272 3555 ex·

146 3603 262 3681 planat,
284 3601 428 3662 illustrat:
459 3594 542 3678 140,
557 3604 585 3660 4.
607 3593 652 3659 IV
670 3604 720 3679 55,
735 3604 764 3661 λ.
794 3603 951 3677 56.90,2
975 3594 1185 3677 st1v19,n‚
1216 3600 1272 3659 nisi

147 3707 196 3766 bic
217 3701 274 3763 καί
296 3704 457 3765 delendum
480 3708 533 3780 ast,
555 3686 735 3784 ἡγούμενοι
757 3704 834 3762 enim
849 3703 942 3763 verbo
960 3689 1131 3760 ἀντειπεῖν
1152 3720 1272 3761 causam

146 3810 242 3869 affert.
278 3802 323 3866 IV
343 3811 411 3881 129,
428 3812 446 3867 2
471 3825 564 3866 naves
580 3811 610 3867 et
632 3807 737 3884 copiae
752 3799 797 3866 sic
813 3808 1019 3882 opponuntur:
1043 3798 1141 3862 ναυσὶ
1154 3798 1217 3882 μὲν
1230 3835 1274 3846 -

80 3923 85 3935 ’
147 3895 302 3982 ὁπλίταις
324 3901 359 3971 δέ
381 3941 423 3950 -
445 3903 502 3968 καὶ
524 3903 682 3985 τοξὶταις.

234 4080 254 4141 ¹)
285 4075 384 4129 Liceat
407 4073 539 4128 hocloco
563 4073 696 4127 adnotare
726 4072 753 4125 iu
778 4070 867 4126 class.
890 4069 1013 4124 editione
1045 4075 1073 4124 et
1097 4071 1222 4124 secunda
1245 4074 1274 4125 ct

147 4161 230 4216 tertia
247 4161 260 4213 Ι
279 4162 349 4229 31,2
368 4159 424 4228 legi
441 4152 532 4230 μέρος
548 4151 580 4212 τέ
599 4174 625 4210 τι
644 4173 695 4226 pro
717 4150 747 4210 δέ
765 4173 808 4219 τι,
832 4155 908 4224 quod
926 4154 954 4208 ni
971 4151 1054 4209 fallor
1072 4155 1172 4210 mendo
1191 4161 1273 4225 typo·

147 4245 281 4317 graphice
300 4244 427 4299 debetur.
1036 4310 1068 4364 3*
