<?xml version="1.0" encoding="UTF-8"?>
<!DOCTYPE html PUBLIC "-//W3C//DTD XHTML 1.0 Transitional//EN"
    "http://www.w3.org/TR/xhtml1/DTD/xhtml1-transitional.dtd">
<html xmlns="http://www.w3.org/1999/xhtml" xml:lang="en" lang="en">
 <head>
  <title>
</title>
<meta http-equiv="Content-Type" content="text/html;charset=utf-8" />
  <meta name='ocr-system' content='tesseract 3.04.00' />
  <meta name='ocr-capabilities' content='ocr_page ocr_carea ocr_par ocr_line ocrx_word'/>
</head>
<body>
  <div class='ocr_page' id='page_1' title='image "./departicularumm00oeltgoog_0048.png"; bbox 0 0 2842 4620; ppageno 0'>
   <div class='ocr_carea' id='block_1_1' title="bbox 1235 238 1276 296">
    <p class='ocr_par' dir='ltr' id='par_1_1' title="bbox 1235 238 1276 296">
     <span class='ocr_line' id='line_1_1' title="bbox 1235 238 1276 296; baseline 0.024 -1"><span class='ocrx_word' id='word_1_1' title='bbox 1235 238 1276 296; x_wconf 83' lang='lat'><strong>43</strong></span> 
     </span>
    </p>
   </div>
   <div class='ocr_carea' id='block_1_2' title="bbox 84 387 1334 3979">
    <p class='ocr_par' dir='ltr' id='par_1_2' title="bbox 84 387 1334 1910">
     <span class='ocr_line' id='line_1_2' title="bbox 150 387 1297 488; baseline -0.008 -16"><span class='ocrx_word' id='word_1_2' title='bbox 150 412 313 488; x_wconf 72' lang='lat' dir='ltr'>responsio</span> <span class='ocrx_word' id='word_1_3' title='bbox 337 409 515 486; x_wconf 78' lang='lat' dir='ltr'>neglegitur,</span> <span class='ocrx_word' id='word_1_4' title='bbox 538 413 571 468; x_wconf 90' lang='lat' dir='ltr'><strong>nt</strong></span> <span class='ocrx_word' id='word_1_5' title='bbox 592 403 635 467; x_wconf 92' lang='lat' dir='ltr'><strong>IV</strong></span> <span class='ocrx_word' id='word_1_6' title='bbox 653 413 701 479; x_wconf 89' lang='grc'><strong>92,</strong></span> <span class='ocrx_word' id='word_1_7' title='bbox 719 414 749 470; x_wconf 77' lang='lat'><strong>7:</strong></span> <span class='ocrx_word' id='word_1_8' title='bbox 774 401 878 482; x_wconf 79' lang='grc' dir='ltr'><em>δεῖξαι</em></span> <span class='ocrx_word' id='word_1_9' title='bbox 900 391 953 466; x_wconf 77' lang='grc' dir='ltr'>ὅτι</span> <span class='ocrx_word' id='word_1_10' title='bbox 975 387 1024 466; x_wconf 85' lang='grc' dir='ltr'><strong>ών</strong></span> <span class='ocrx_word' id='word_1_11' title='bbox 1045 400 1108 484; x_wconf 80' lang='grc' dir='ltr'><strong>μὲν</strong></span> <span class='ocrx_word' id='word_1_12' title='bbox 1130 397 1297 480; x_wconf 51' lang='grc' dir='ltr'><em>ἐφίενται,</em></span> 
     </span>
     <span class='ocr_line' id='line_1_3' title="bbox 144 497 1277 592; baseline -0.003 -19"><span class='ocrx_word' id='word_1_13' title='bbox 144 505 240 592; x_wconf 75' lang='grc' dir='ltr'><em>πρὸς</em></span> <span class='ocrx_word' id='word_1_14' title='bbox 271 500 352 584; x_wconf 84' lang='grc' dir='ltr'><strong>τούς</strong></span> <span class='ocrx_word' id='word_1_15' title='bbox 381 502 426 590; x_wconf 76' lang='grc' dir='ltr'><strong>μὴ</strong></span> <span class='ocrx_word' id='word_1_16' title='bbox 462 497 690 590; x_wconf 80' lang='grc' dir='ltr'><em>ἀμυνομένους</em></span> <span class='ocrx_word' id='word_1_17' title='bbox 721 500 873 581; x_wconf 76' lang='grc' dir='ltr'><strong><em>ἐπιόντες</em></strong></span> <span class='ocrx_word' id='word_1_18' title='bbox 903 499 1120 583; x_wconf 77' lang='grc' dir='ltr'><em>κτάσθωσαν,</em></span> <span class='ocrx_word' id='word_1_19' title='bbox 1160 497 1210 581; x_wconf 78' lang='grc' dir='ltr'><strong>οἶς</strong></span> <span class='ocrx_word' id='word_1_20' title='bbox 1241 505 1277 570; x_wconf 78' lang='grc' dir='ltr'><strong>δὲ</strong></span> 
     </span>
     <span class='ocr_line' id='line_1_4' title="bbox 147 597 1277 696; baseline -0.003 -20"><span class='ocrx_word' id='word_1_21' title='bbox 147 622 312 696; x_wconf 79' lang='grc' dir='ltr'><em>γενναῖον</em></span> <span class='ocrx_word' id='word_1_22' title='bbox 339 649 381 656; x_wconf 99' lang='grc'>-</span> <span class='ocrx_word' id='word_1_23' title='bbox 412 599 701 692; x_wconf 80' lang='grc' dir='ltr'><em>ανανταγώνιστοι</em></span> <span class='ocrx_word' id='word_1_24' title='bbox 727 597 785 672; x_wconf 77' lang='grc' dir='ltr'><strong>ἀπ’</strong></span> <span class='ocrx_word' id='word_1_25' title='bbox 813 598 930 672; x_wconf 75' lang='grc' dir='ltr'><em>αὐτῶν</em></span> <span class='ocrx_word' id='word_1_26' title='bbox 957 597 1020 671; x_wconf 77' lang='grc' dir='ltr'><strong>οὐκ</strong></span> <span class='ocrx_word' id='word_1_27' title='bbox 1047 597 1193 687; x_wconf 74' lang='grc' dir='ltr'><em>ἀπίασιν,</em></span> <span class='ocrx_word' id='word_1_28' title='bbox 1227 614 1277 673; x_wconf 92' lang='lat' dir='ltr'><strong>nbi</strong></span> 
     </span>
     <span class='ocr_line' id='line_1_5' title="bbox 148 701 1313 798; baseline -0.002 -19"><span class='ocrx_word' id='word_1_29' title='bbox 148 701 285 798; x_wconf 84' lang='grc' dir='ltr'><em>ώνμὲν</em></span> <span class='ocrx_word' id='word_1_30' title='bbox 307 750 351 760; x_wconf 96' lang='lat'>-</span> <span class='ocrx_word' id='word_1_31' title='bbox 377 706 427 789; x_wconf 76' lang='grc' dir='ltr'><strong>οἷς</strong></span> <span class='ocrx_word' id='word_1_32' title='bbox 455 712 492 778; x_wconf 83' lang='grc' dir='ltr'><strong>δέ</strong></span> <span class='ocrx_word' id='word_1_33' title='bbox 513 717 684 778; x_wconf 80' lang='lat' dir='ltr'><strong>antithesim</strong></span> <span class='ocrx_word' id='word_1_34' title='bbox 712 717 859 794; x_wconf 85' lang='lat' dir='ltr'><strong>efficiunt,</strong></span> <span class='ocrx_word' id='word_1_35' title='bbox 886 719 1035 777; x_wconf 88' lang='lat' dir='ltr'><strong>sententia</strong></span> <span class='ocrx_word' id='word_1_36' title='bbox 1062 721 1162 777; x_wconf 90' lang='lat' dir='ltr'><strong>autem</strong></span> <span class='ocrx_word' id='word_1_37' title='bbox 1189 715 1278 778; x_wconf 89' lang='lat' dir='ltr'><strong>docet</strong></span> <span class='ocrx_word' id='word_1_38' title='bbox 1309 737 1313 746; x_wconf 94' lang='lat'><strong>·</strong></span> 
     </span>
     <span class='ocr_line' id='line_1_6' title="bbox 151 804 1278 901; baseline -0.001 -20"><span class='ocrx_word' id='word_1_39' title='bbox 151 811 207 893; x_wconf 76' lang='grc' dir='ltr'><strong>οἷς</strong></span> <span class='ocrx_word' id='word_1_40' title='bbox 231 817 266 882; x_wconf 81' lang='grc' dir='ltr'><strong>δὲ</strong></span> <span class='ocrx_word' id='word_1_41' title='bbox 289 829 447 901; x_wconf 81' lang='grc' dir='ltr'><em>γενναῖον</em></span> <span class='ocrx_word' id='word_1_42' title='bbox 465 824 499 882; x_wconf 89' lang='lat' dir='ltr'><strong>et</strong></span> <span class='ocrx_word' id='word_1_43' title='bbox 520 810 606 900; x_wconf 83' lang='grc' dir='ltr'><em>πρὸς</em></span> <span class='ocrx_word' id='word_1_44' title='bbox 628 807 707 889; x_wconf 83' lang='grc' dir='ltr'><strong>τούς</strong></span> <span class='ocrx_word' id='word_1_45' title='bbox 727 810 772 900; x_wconf 83' lang='grc' dir='ltr'><strong>μὴ</strong></span> <span class='ocrx_word' id='word_1_46' title='bbox 795 804 1024 898; x_wconf 81' lang='grc' dir='ltr'><strong>οἰμυνομένουςΙ</strong></span> <span class='ocrx_word' id='word_1_47' title='bbox 1046 822 1182 898; x_wconf 89' lang='lat' dir='ltr'><strong>opposita</strong></span> <span class='ocrx_word' id='word_1_48' title='bbox 1204 839 1278 881; x_wconf 85' lang='lat' dir='ltr'><strong>esse.</strong></span> 
     </span>
     <span class='ocr_line' id='line_1_7' title="bbox 150 920 1322 1003; baseline -0.001 -18"><span class='ocrx_word' id='word_1_49' title='bbox 150 928 200 985; x_wconf 89' lang='lat' dir='ltr'><strong>De</strong></span> <span class='ocrx_word' id='word_1_50' title='bbox 224 920 272 983; x_wconf 89' lang='grc' dir='ltr'><strong>ΠΙ</strong></span> <span class='ocrx_word' id='word_1_51' title='bbox 289 928 373 997; x_wconf 82' lang='grc'>69,2</span> <span class='ocrx_word' id='word_1_52' title='bbox 397 925 629 1002; x_wconf 86' lang='lat' dir='ltr'><strong>disputaverunt</strong></span> <span class='ocrx_word' id='word_1_53' title='bbox 651 925 755 1000; x_wconf 88' lang='lat' dir='ltr'><strong>Poppo</strong></span> <span class='ocrx_word' id='word_1_54' title='bbox 771 929 801 983; x_wconf 85' lang='lat' dir='ltr'><strong>et</strong></span> <span class='ocrx_word' id='word_1_55' title='bbox 815 924 925 999; x_wconf 78' lang='lat' dir='ltr'><strong>Harpe,</strong></span> <span class='ocrx_word' id='word_1_56' title='bbox 950 922 987 984; x_wconf 89' lang='lat' dir='ltr'><strong>de</strong></span> <span class='ocrx_word' id='word_1_57' title='bbox 1003 923 1162 984; x_wconf 87' lang='lat' dir='ltr'><strong>verborum</strong></span> <span class='ocrx_word' id='word_1_58' title='bbox 1186 925 1276 984; x_wconf 88' lang='lat' dir='ltr'><strong>collo·</strong></span> <span class='ocrx_word' id='word_1_59' title='bbox 1317 993 1322 1003; x_wconf 33' lang='grc' dir='ltr'>Ι</span> 
     </span>
     <span class='ocr_line' id='line_1_8' title="bbox 151 1025 1277 1104; baseline -0.002 -16"><span class='ocrx_word' id='word_1_60' title='bbox 151 1028 272 1088; x_wconf 89' lang='lat' dir='ltr'><strong>catione</strong></span> <span class='ocrx_word' id='word_1_61' title='bbox 303 1027 384 1104; x_wconf 83' lang='lat' dir='ltr'><strong>apud</strong></span> <span class='ocrx_word' id='word_1_62' title='bbox 413 1027 510 1086; x_wconf 74' lang='lat' dir='ltr'><strong>Thnc.</strong></span> <span class='ocrx_word' id='word_1_63' title='bbox 540 1045 568 1102; x_wconf 88' lang='lat' dir='ltr'><strong>p.</strong></span> <span class='ocrx_word' id='word_1_64' title='bbox 592 1029 641 1087; x_wconf 88' lang='grc'><strong>68.</strong></span> <span class='ocrx_word' id='word_1_65' title='bbox 700 1025 813 1087; x_wconf 78' lang='lat' dir='ltr'><strong>Contra</strong></span> <span class='ocrx_word' id='word_1_66' title='bbox 851 1027 943 1101; x_wconf 88' lang='lat' dir='ltr'><strong>ipsius</strong></span> <span class='ocrx_word' id='word_1_67' title='bbox 972 1026 1159 1102; x_wconf 84' lang='lat' dir='ltr'><strong>pronominis</strong></span> <span class='ocrx_word' id='word_1_68' title='bbox 1194 1028 1277 1086; x_wconf 85' lang='lat' dir='ltr'><strong>relat</strong></span> 
     </span>
     <span class='ocr_line' id='line_1_9' title="bbox 150 1111 1278 1206; baseline -0.002 -17"><span class='ocrx_word' id='word_1_69' title='bbox 150 1131 312 1190; x_wconf 86' lang='lat' dir='ltr'><strong>antithesis</strong></span> <span class='ocrx_word' id='word_1_70' title='bbox 336 1130 472 1206; x_wconf 82' lang='lat' dir='ltr'><strong>neglecta</strong></span> <span class='ocrx_word' id='word_1_71' title='bbox 502 1134 547 1188; x_wconf 89' lang='lat' dir='ltr'><strong>est</strong></span> <span class='ocrx_word' id='word_1_72' title='bbox 567 1123 615 1186; x_wconf 95' lang='lat' dir='ltr'><strong>IlI</strong></span> <span class='ocrx_word' id='word_1_73' title='bbox 631 1132 680 1205; x_wconf 88' lang='grc'><strong>39,</strong></span> <span class='ocrx_word' id='word_1_74' title='bbox 696 1133 730 1189; x_wconf 81' lang='lat'><strong>2:</strong></span> <span class='ocrx_word' id='word_1_75' title='bbox 759 1111 881 1199; x_wconf 77' lang='grc' dir='ltr'><em>οἵτινες</em></span> <span class='ocrx_word' id='word_1_76' title='bbox 909 1121 970 1206; x_wconf 79' lang='grc' dir='ltr'><strong>μὲν</strong></span> <span class='ocrx_word' id='word_1_77' title='bbox 990 1117 1035 1206; x_wconf 78' lang='grc' dir='ltr'><strong>μή</strong></span> <span class='ocrx_word' id='word_1_78' title='bbox 1068 1123 1208 1188; x_wconf 82' lang='grc' dir='ltr'><em>δυνατοὶ</em></span> <span class='ocrx_word' id='word_1_79' title='bbox 1237 1159 1278 1170; x_wconf 88' lang='lat'>-</span> 
     </span>
     <span class='ocr_line' id='line_1_10' title="bbox 152 1221 1278 1311; baseline 0.002 -20"><span class='ocrx_word' id='word_1_80' title='bbox 152 1229 261 1311; x_wconf 88' lang='grc' dir='ltr'><em>νῆσον</em></span> <span class='ocrx_word' id='word_1_81' title='bbox 285 1225 321 1291; x_wconf 81' lang='grc' dir='ltr'><strong>δὲ</strong></span> <span class='ocrx_word' id='word_1_82' title='bbox 344 1224 468 1302; x_wconf 79' lang='grc' dir='ltr'><em>οἵτινες</em></span> <span class='ocrx_word' id='word_1_83' title='bbox 484 1221 616 1310; x_wconf 73' lang='grc' dir='ltr'><em>ἔχοντες</em></span> <span class='ocrx_word' id='word_1_84' title='bbox 638 1248 716 1303; x_wconf 76' lang='grc' dir='ltr'><em>κτα,</em></span> <span class='ocrx_word' id='word_1_85' title='bbox 740 1231 903 1306; x_wconf 87' lang='lat' dir='ltr'><strong>eodemque</strong></span> <span class='ocrx_word' id='word_1_86' title='bbox 920 1231 1007 1291; x_wconf 87' lang='lat' dir='ltr'><strong>modo</strong></span> <span class='ocrx_word' id='word_1_87' title='bbox 1031 1233 1099 1307; x_wconf 78' lang='lat' dir='ltr'><strong>Vt),</strong></span> <span class='ocrx_word' id='word_1_88' title='bbox 1117 1237 1143 1305; x_wconf 87' lang='lat'><strong>1,</strong></span> <span class='ocrx_word' id='word_1_89' title='bbox 1166 1232 1278 1293; x_wconf 86' lang='lat' dir='ltr'><strong>idcirco</strong></span> 
     </span>
     <span class='ocr_line' id='line_1_11' title="bbox 151 1334 1334 1413; baseline -0.001 -17"><span class='ocrx_word' id='word_1_90' title='bbox 151 1337 302 1407; x_wconf 86' lang='lat' dir='ltr'><strong>nimirum,</strong></span> <span class='ocrx_word' id='word_1_91' title='bbox 326 1340 359 1394; x_wconf 91' lang='lat' dir='ltr'><strong>ut</strong></span> <span class='ocrx_word' id='word_1_92' title='bbox 374 1334 592 1394; x_wconf 86' lang='lat' dir='ltr'><strong>substantivum</strong></span> <span class='ocrx_word' id='word_1_93' title='bbox 614 1339 684 1394; x_wconf 89' lang='lat' dir='ltr'><strong>ante</strong></span> <span class='ocrx_word' id='word_1_94' title='bbox 706 1334 884 1411; x_wconf 76' lang='lat' dir='ltr'><strong>particulam</strong></span> <span class='ocrx_word' id='word_1_95' title='bbox 901 1335 1029 1409; x_wconf 86' lang='lat' dir='ltr'><strong>positum</strong></span> <span class='ocrx_word' id='word_1_96' title='bbox 1053 1335 1194 1413; x_wconf 89' lang='lat' dir='ltr'><strong>majorem</strong></span> <span class='ocrx_word' id='word_1_97' title='bbox 1221 1335 1278 1395; x_wconf 89' lang='lat' dir='ltr'><strong>vim</strong></span> <span class='ocrx_word' id='word_1_98' title='bbox 1312 1361 1334 1412; x_wconf 71' lang='lat'><strong>.&#39;</strong></span> 
     </span>
     <span class='ocr_line' id='line_1_12' title="bbox 151 1423 1279 1517; baseline 0 -19"><span class='ocrx_word' id='word_1_99' title='bbox 151 1438 271 1499; x_wconf 90' lang='lat' dir='ltr'><strong>habeat.</strong></span> <span class='ocrx_word' id='word_1_100' title='bbox 315 1433 347 1496; x_wconf 91' lang='grc' dir='ltr'>Π</span> <span class='ocrx_word' id='word_1_101' title='bbox 362 1442 413 1514; x_wconf 85' lang='grc'><strong>42,</strong></span> <span class='ocrx_word' id='word_1_102' title='bbox 428 1441 463 1498; x_wconf 79' lang='lat'><strong>5:</strong></span> <span class='ocrx_word' id='word_1_103' title='bbox 485 1426 525 1495; x_wconf 82' lang='grc' dir='ltr'><strong>τὸ</strong></span> <span class='ocrx_word' id='word_1_104' title='bbox 539 1430 600 1514; x_wconf 74' lang='grc' dir='ltr'><strong>μὲν</strong></span> <span class='ocrx_word' id='word_1_105' title='bbox 617 1427 754 1516; x_wconf 82' lang='grc' dir='ltr'><em>αἰσχρὸν</em></span> <span class='ocrx_word' id='word_1_106' title='bbox 769 1433 832 1495; x_wconf 85' lang='grc' dir='ltr'><strong>τοῦ</strong></span> <span class='ocrx_word' id='word_1_107' title='bbox 848 1425 953 1515; x_wconf 91' lang='grc' dir='ltr'><em>λόγου</em></span> <span class='ocrx_word' id='word_1_108' title='bbox 969 1427 1105 1514; x_wconf 77' lang='grc' dir='ltr'><em>ἔφυγον,</em></span> <span class='ocrx_word' id='word_1_109' title='bbox 1127 1426 1166 1496; x_wconf 82' lang='grc' dir='ltr'><strong>τὸ</strong></span> <span class='ocrx_word' id='word_1_110' title='bbox 1190 1423 1279 1517; x_wconf 73' lang='grc' dir='ltr'><strong>δ’ἕρ-</strong></span> 
     </span>
     <span class='ocr_line' id='line_1_13' title="bbox 151 1530 1279 1620; baseline 0.002 -21"><span class='ocrx_word' id='word_1_111' title='bbox 151 1557 216 1620; x_wconf 86' lang='grc' dir='ltr'><strong>γον</strong></span> <span class='ocrx_word' id='word_1_112' title='bbox 230 1537 281 1620; x_wconf 78' lang='grc' dir='ltr'><strong>τοῦ</strong></span> <span class='ocrx_word' id='word_1_113' title='bbox 297 1530 424 1618; x_wconf 90' lang='grc' dir='ltr'><em>σώαατι</em></span> <span class='ocrx_word' id='word_1_114' title='bbox 443 1533 635 1618; x_wconf 75' lang='grc' dir='ltr'><em>ὑπέμειναν.</em></span> <span class='ocrx_word' id='word_1_115' title='bbox 673 1541 826 1601; x_wconf 82' lang='lat' dir='ltr'><strong>Sententia</strong></span> <span class='ocrx_word' id='word_1_116' title='bbox 841 1546 900 1607; x_wconf 90' lang='lat' dir='ltr'><strong>est:</strong></span> <span class='ocrx_word' id='word_1_117' title='bbox 923 1541 1113 1616; x_wconf 87' lang='lat' dir='ltr'><strong>ignominiam</strong></span> <span class='ocrx_word' id='word_1_118' title='bbox 1130 1541 1279 1617; x_wconf 85' lang='lat' dir='ltr'><strong>fugientes</strong></span> 
     </span>
     <span class='ocr_line' id='line_1_14' title="bbox 151 1636 1280 1721; baseline 0 -17"><span class='ocrx_word' id='word_1_119' title='bbox 151 1645 295 1721; x_wconf 84' lang='lat' dir='ltr'><strong>maguum</strong></span> <span class='ocrx_word' id='word_1_120' title='bbox 319 1643 435 1702; x_wconf 79' lang='lat' dir='ltr'><strong>lacinus</strong></span> <span class='ocrx_word' id='word_1_121' title='bbox 457 1646 668 1720; x_wconf 88' lang='lat' dir='ltr'><strong>susceperunt:</strong></span> <span class='ocrx_word' id='word_1_122' title='bbox 692 1644 859 1720; x_wconf 78' lang='lat' dir='ltr'><strong>particulae</strong></span> <span class='ocrx_word' id='word_1_123' title='bbox 880 1637 994 1720; x_wconf 84' lang='grc' dir='ltr'><em>μένοι</em></span> <span class='ocrx_word' id='word_1_124' title='bbox 982 1636 1047 1704; x_wconf 80' lang='grc' dir='ltr'>ιδέ</span> <span class='ocrx_word' id='word_1_125' title='bbox 1068 1663 1104 1703; x_wconf 90' lang='lat' dir='ltr'><strong>ea</strong></span> <span class='ocrx_word' id='word_1_126' title='bbox 1127 1644 1163 1703; x_wconf 87' lang='lat' dir='ltr'><strong>de</strong></span> <span class='ocrx_word' id='word_1_127' title='bbox 1187 1664 1280 1704; x_wconf 90' lang='lat' dir='ltr'><strong>causa</strong></span> 
     </span>
     <span class='ocr_line' id='line_1_15' title="bbox 84 1735 1278 1853; baseline 0.001 -46"><span class='ocrx_word' id='word_1_128' title='bbox 84 1810 87 1814; x_wconf 77' lang='grc'>,</span> <span class='ocrx_word' id='word_1_129' title='bbox 151 1747 219 1807; x_wconf 91' lang='lat' dir='ltr'><strong>sola</strong></span> <span class='ocrx_word' id='word_1_130' title='bbox 241 1745 361 1806; x_wconf 85' lang='lat' dir='ltr'><strong>additae</strong></span> <span class='ocrx_word' id='word_1_131' title='bbox 384 1749 466 1817; x_wconf 84' lang='lat' dir='ltr'><strong>suut,</strong></span> <span class='ocrx_word' id='word_1_132' title='bbox 497 1750 530 1804; x_wconf 93' lang='lat' dir='ltr'><strong>ut</strong></span> <span class='ocrx_word' id='word_1_133' title='bbox 559 1749 658 1805; x_wconf 89' lang='lat' dir='ltr'><strong>amata</strong></span> <span class='ocrx_word' id='word_1_134' title='bbox 680 1747 840 1806; x_wconf 87' lang='lat' dir='ltr'><strong>verborum</strong></span> <span class='ocrx_word' id='word_1_135' title='bbox 866 1735 966 1853; x_wconf 88' lang='grc' dir='ltr'><em>λόγος</em></span> <span class='ocrx_word' id='word_1_136' title='bbox 996 1752 1026 1806; x_wconf 89' lang='lat' dir='ltr'><strong>et</strong></span> <span class='ocrx_word' id='word_1_137' title='bbox 1057 1736 1156 1825; x_wconf 73' lang='grc' dir='ltr'><em>ἔργον</em></span> <span class='ocrx_word' id='word_1_138' title='bbox 1187 1767 1278 1825; x_wconf 90' lang='lat' dir='ltr'><strong>oppo-</strong></span> 
     </span>
     <span class='ocr_line' id='line_1_16' title="bbox 150 1847 579 1910; baseline -0.01 0"><span class='ocrx_word' id='word_1_139' title='bbox 150 1851 223 1910; x_wconf 88' lang='lat' dir='ltr'><strong>sitio</strong></span> <span class='ocrx_word' id='word_1_140' title='bbox 246 1850 333 1909; x_wconf 89' lang='lat' dir='ltr'><strong>etiam</strong></span> <span class='ocrx_word' id='word_1_141' title='bbox 356 1849 406 1908; x_wconf 89' lang='lat' dir='ltr'><strong>hic</strong></span> <span class='ocrx_word' id='word_1_142' title='bbox 428 1847 579 1908; x_wconf 77' lang='lat' dir='ltr'><strong>existar-‚et</strong></span> 
     </span>
    </p>

    <p class='ocr_par' dir='ltr' id='par_1_3' title="bbox 241 1951 1279 2028">
     <span class='ocr_line' id='line_1_17' title="bbox 241 1951 1279 2028; baseline 0.002 -18"><span class='ocrx_word' id='word_1_143' title='bbox 241 1953 396 2012; x_wconf 88' lang='lat' dir='ltr'><strong>Postremo</strong></span> <span class='ocrx_word' id='word_1_144' title='bbox 425 1969 477 2011; x_wconf 90' lang='lat' dir='ltr'><strong>eos</strong></span> <span class='ocrx_word' id='word_1_145' title='bbox 507 1952 600 2011; x_wconf 91' lang='lat' dir='ltr'><strong>locos</strong></span> <span class='ocrx_word' id='word_1_146' title='bbox 613 1969 689 2028; x_wconf 89' lang='lat' dir='ltr'><strong>qnos</strong></span> <span class='ocrx_word' id='word_1_147' title='bbox 718 1951 757 2010; x_wconf 83' lang='lat' dir='ltr'><strong>ad</strong></span> <span class='ocrx_word' id='word_1_148' title='bbox 780 1956 890 2011; x_wconf 90' lang='lat' dir='ltr'><strong>certam</strong></span> <span class='ocrx_word' id='word_1_149' title='bbox 914 1951 1047 2026; x_wconf 86' lang='lat' dir='ltr'><strong>regulam</strong></span> <span class='ocrx_word' id='word_1_150' title='bbox 1071 1952 1185 2012; x_wconf 82' lang='lat' dir='ltr'><strong>referre</strong></span> <span class='ocrx_word' id='word_1_151' title='bbox 1209 1955 1279 2012; x_wconf 91' lang='lat' dir='ltr'><strong>mihi</strong></span> 
     </span>
    </p>

    <p class='ocr_par' dir='ltr' id='par_1_4' title="bbox 151 2047 1286 2131">
     <span class='ocr_line' id='line_1_18' title="bbox 151 2047 1286 2131; baseline 0.001 -19"><span class='ocrx_word' id='word_1_152' title='bbox 151 2055 216 2112; x_wconf 84' lang='lat' dir='ltr'><strong>non</strong></span> <span class='ocrx_word' id='word_1_153' title='bbox 248 2052 371 2128; x_wconf 83' lang='lat' dir='ltr'><strong>contigit</strong></span> <span class='ocrx_word' id='word_1_154' title='bbox 401 2071 581 2130; x_wconf 90' lang='lat' dir='ltr'><strong>componere</strong></span> <span class='ocrx_word' id='word_1_155' title='bbox 619 2057 820 2128; x_wconf 92' lang='lat' dir='ltr'><strong>opportunum</strong></span> <span class='ocrx_word' id='word_1_156' title='bbox 852 2058 933 2130; x_wconf 92' lang='lat' dir='ltr'><strong>puto</strong></span> <span class='ocrx_word' id='word_1_157' title='bbox 991 2054 1037 2112; x_wconf 86' lang='lat' dir='ltr'><strong>Ac</strong></span> <span class='ocrx_word' id='word_1_158' title='bbox 1065 2047 1127 2131; x_wconf 82' lang='grc' dir='ltr'><strong>μέν</strong></span> <span class='ocrx_word' id='word_1_159' title='bbox 1158 2048 1286 2131; x_wconf 84' lang='lat' dir='ltr'><strong>quldem&#39;</strong></span> 
     </span>
    </p>

    <p class='ocr_par' dir='ltr' id='par_1_5' title="bbox 153 2144 1280 2233">
     <span class='ocr_line' id='line_1_19' title="bbox 153 2144 1280 2233; baseline 0.003 -21"><span class='ocrx_word' id='word_1_160' title='bbox 153 2173 303 2232; x_wconf 86' lang='lat' dir='ltr'><strong>perverso</strong></span> <span class='ocrx_word' id='word_1_161' title='bbox 320 2155 384 2214; x_wconf 95' lang='lat' dir='ltr'><strong>loco</strong></span> <span class='ocrx_word' id='word_1_162' title='bbox 399 2155 528 2231; x_wconf 89' lang='lat' dir='ltr'><strong>positum</strong></span> <span class='ocrx_word' id='word_1_163' title='bbox 545 2173 610 2214; x_wconf 86' lang='lat' dir='ltr'><strong>esse</strong></span> <span class='ocrx_word' id='word_1_164' title='bbox 626 2153 707 2214; x_wconf 83' lang='lat' dir='ltr'><strong>videt</strong></span> <span class='ocrx_word' id='word_1_165' title='bbox 696 2160 745 2213; x_wconf 90' lang='grc' dir='ltr'>ι·ιιι</span> <span class='ocrx_word' id='word_1_166' title='bbox 759 2150 875 2216; x_wconf 81' lang='lat'>11192:</span> <span class='ocrx_word' id='word_1_167' title='bbox 897 2151 1030 2233; x_wconf 83' lang='grc' dir='ltr'><em>Μηλιῆς</em></span> <span class='ocrx_word' id='word_1_168' title='bbox 1045 2144 1280 2233; x_wconf 78' lang='grc' dir='ltr'><em>οιξυμπαντες</em></span> 
     </span>
    </p>

    <p class='ocr_par' dir='ltr' id='par_1_6' title="bbox 157 2246 1279 2337">
     <span class='ocr_line' id='line_1_20' title="bbox 157 2246 1279 2337; baseline 0.002 -20"><span class='ocrx_word' id='word_1_169' title='bbox 157 2251 222 2317; x_wconf 82' lang='grc' dir='ltr'><em>εἰσὶ</em></span> <span class='ocrx_word' id='word_1_170' title='bbox 252 2250 313 2334; x_wconf 82' lang='grc' dir='ltr'><strong>μὲν</strong></span> <span class='ocrx_word' id='word_1_171' title='bbox 342 2252 418 2335; x_wconf 75' lang='grc' dir='ltr'><em>τρια</em></span> <span class='ocrx_word' id='word_1_172' title='bbox 447 2251 594 2337; x_wconf 82' lang='grc' dir='ltr'><em>μέρη-</em></span> <span class='ocrx_word' id='word_1_173' title='bbox 605 2246 776 2315; x_wconf 84' lang='grc' dir='ltr'><em>τούτοιν</em></span> <span class='ocrx_word' id='word_1_174' title='bbox 799 2249 834 2316; x_wconf 83' lang='grc' dir='ltr'><strong>δὲ</strong></span> <span class='ocrx_word' id='word_1_175' title='bbox 866 2250 897 2316; x_wconf 77' lang='grc' dir='ltr'><strong>οἱ</strong></span> <span class='ocrx_word' id='word_1_176' title='bbox 933 2253 1107 2337; x_wconf 83' lang='grc' dir='ltr'><em>Τραχίνιοι,</em></span> <span class='ocrx_word' id='word_1_177' title='bbox 1138 2253 1229 2333; x_wconf 86' lang='lat' dir='ltr'><strong>IVa,</strong></span> <span class='ocrx_word' id='word_1_178' title='bbox 1246 2265 1279 2319; x_wconf 92' lang='lat'><strong>1:</strong></span> 
     </span>
    </p>

    <p class='ocr_par' dir='ltr' id='par_1_7' title="bbox 158 2345 1281 2439">
     <span class='ocr_line' id='line_1_21' title="bbox 158 2345 1281 2439; baseline 0.002 -21"><span class='ocrx_word' id='word_1_179' title='bbox 158 2378 192 2418; x_wconf 95' lang='grc' dir='ltr'>οι</span> <span class='ocrx_word' id='word_1_180' title='bbox 184 2352 422 2437; x_wconf 82' lang='grc' dir='ltr'><em>Σπαρτιᾶται</em></span> <span class='ocrx_word' id='word_1_181' title='bbox 438 2346 583 2419; x_wconf 78' lang='grc' dir='ltr'><em>αὐτοὶ</em></span> <span class='ocrx_word' id='word_1_182' title='bbox 549 2376 666 2437; x_wconf 84' lang='grc' dir='ltr'><em>μεν-</em></span> <span class='ocrx_word' id='word_1_183' title='bbox 687 2345 792 2430; x_wconf 73' lang='grc' dir='ltr'><em>εὐθυς</em></span> <span class='ocrx_word' id='word_1_184' title='bbox 815 2346 998 2439; x_wconf 77' lang='grc' dir='ltr'><em>ἐβοήθουν,</em></span> <span class='ocrx_word' id='word_1_185' title='bbox 1021 2358 1091 2419; x_wconf 86' lang='grc' dir='ltr'><strong>τών</strong></span> <span class='ocrx_word' id='word_1_186' title='bbox 1114 2353 1149 2421; x_wconf 82' lang='grc' dir='ltr'><strong>δε</strong></span> <span class='ocrx_word' id='word_1_187' title='bbox 1166 2349 1281 2420; x_wconf 75' lang='grc' dir='ltr'><em>ἄλλων</em></span> 
     </span>
    </p>

    <p class='ocr_par' dir='ltr' id='par_1_8' title="bbox 153 2451 1282 2543">
     <span class='ocr_line' id='line_1_22' title="bbox 153 2451 1282 2543; baseline -0.001 -20"><span class='ocrx_word' id='word_1_188' title='bbox 153 2456 337 2539; x_wconf 80' lang='grc' dir='ltr'><em>Λακεδαιμ.</em></span> <span class='ocrx_word' id='word_1_189' title='bbox 360 2483 416 2541; x_wconf 88' lang='lat' dir='ltr'><strong>pro</strong></span> <span class='ocrx_word' id='word_1_190' title='bbox 439 2455 472 2522; x_wconf 84' lang='lat' dir='ltr'><strong>oi</strong></span> <span class='ocrx_word' id='word_1_191' title='bbox 493 2458 635 2541; x_wconf 78' lang='grc' dir='ltr'><em>μὲνΣπ.</em></span> <span class='ocrx_word' id='word_1_192' title='bbox 653 2451 760 2537; x_wconf 80' lang='grc' dir='ltr'><em>αυτοὶ,</em></span> <span class='ocrx_word' id='word_1_193' title='bbox 784 2459 937 2540; x_wconf 67' lang='lat' dir='ltr'><strong>vllam</strong></span> <span class='ocrx_word' id='word_1_194' title='bbox 960 2481 1075 2543; x_wconf 83' lang='grc' dir='ltr'><em>καιρος</em></span> <span class='ocrx_word' id='word_1_195' title='bbox 1091 2481 1172 2523; x_wconf 85' lang='grc' dir='ltr'><em>ενοι</em></span> <span class='ocrx_word' id='word_1_196' title='bbox 1196 2452 1282 2524; x_wconf 76' lang='grc' dir='ltr'><em>ἑπτὰ</em></span> 
     </span>
    </p>

    <p class='ocr_par' dir='ltr' id='par_1_9' title="bbox 132 2553 1280 2757">
     <span class='ocr_line' id='line_1_23' title="bbox 132 2553 1280 2648; baseline -0.002 -18"><span class='ocrx_word' id='word_1_197' title='bbox 132 2555 260 2648; x_wconf 73' lang='grc' dir='ltr'><strong>,μὲνὴ</strong></span> <span class='ocrx_word' id='word_1_198' title='bbox 282 2553 374 2626; x_wconf 79' lang='grc' dir='ltr'><em>ὀκτώ</em></span> <span class='ocrx_word' id='word_1_199' title='bbox 396 2563 543 2626; x_wconf 73' lang='grc' dir='ltr'><strong>σταδίοιν</strong></span> <span class='ocrx_word' id='word_1_200' title='bbox 565 2556 628 2647; x_wconf 78' lang='grc' dir='ltr'><strong>ἤδη</strong></span> <span class='ocrx_word' id='word_1_201' title='bbox 651 2553 928 2627; x_wconf 82' lang='grc' dir='ltr'><em>απετετέλεοτο’</em></span> <span class='ocrx_word' id='word_1_202' title='bbox 915 2585 947 2639; x_wconf 86' lang='grc' dir='ltr'><strong>ες</strong></span> <span class='ocrx_word' id='word_1_203' title='bbox 962 2559 1026 2627; x_wconf 84' lang='grc' dir='ltr'><strong>τὸν</strong></span> <span class='ocrx_word' id='word_1_204' title='bbox 1038 2561 1141 2647; x_wconf 82' lang='grc' dir='ltr'><em>μέγαν</em></span> <span class='ocrx_word' id='word_1_205' title='bbox 1164 2563 1280 2647; x_wconf 83' lang='grc' dir='ltr'><em>λιμένα</em></span> 
     </span>
     <span class='ocr_line' id='line_1_24' title="bbox 155 2657 1279 2757; baseline 0.001 -28"><span class='ocrx_word' id='word_1_206' title='bbox 155 2665 305 2729; x_wconf 82' lang='grc' dir='ltr'><strong>διπλοῦν</strong></span> <span class='ocrx_word' id='word_1_207' title='bbox 321 2677 428 2748; x_wconf 84' lang='grc' dir='ltr'><em>τεῖχος</em></span> <span class='ocrx_word' id='word_1_208' title='bbox 443 2683 498 2712; x_wconf 89' lang='grc'><strong>-·</strong></span> <span class='ocrx_word' id='word_1_209' title='bbox 522 2688 572 2748; x_wconf 83' lang='grc' dir='ltr'><strong>τῳ</strong></span> <span class='ocrx_word' id='word_1_210' title='bbox 555 2664 624 2729; x_wconf 79' lang='grc' dir='ltr'><strong>δὲ</strong></span> <span class='ocrx_word' id='word_1_211' title='bbox 640 2657 733 2748; x_wconf 78' lang='grc' dir='ltr'><em>ἄλλῳ</em></span> <span class='ocrx_word' id='word_1_212' title='bbox 748 2688 812 2730; x_wconf 92' lang='grc' dir='ltr'><strong>του</strong></span> <span class='ocrx_word' id='word_1_213' title='bbox 796 2660 957 2729; x_wconf 82' lang='grc' dir='ltr'><em>κύκλου</em></span> <span class='ocrx_word' id='word_1_214' title='bbox 973 2703 1015 2757; x_wconf 68' lang='lat'><strong>,-</strong></span> <span class='ocrx_word' id='word_1_215' title='bbox 1031 2666 1279 2744; x_wconf 74' lang='grc' dir='ltr'><em>κατελέλειπτο,</em></span> 
     </span>
    </p>

    <p class='ocr_par' dir='ltr' id='par_1_10' title="bbox 156 2761 1275 2855">
     <span class='ocr_line' id='line_1_25' title="bbox 156 2761 1275 2855; baseline -0.003 -21"><span class='ocrx_word' id='word_1_216' title='bbox 156 2773 206 2834; x_wconf 91' lang='lat' dir='ltr'><strong>ubi</strong></span> <span class='ocrx_word' id='word_1_217' title='bbox 229 2793 288 2833; x_wconf 93' lang='lat' dir='ltr'><strong>non</strong></span> <span class='ocrx_word' id='word_1_218' title='bbox 312 2793 430 2850; x_wconf 92' lang='lat' dir='ltr'><strong>possum</strong></span> <span class='ocrx_word' id='word_1_219' title='bbox 457 2775 529 2850; x_wconf 92' lang='lat' dir='ltr'><strong>quin</strong></span> <span class='ocrx_word' id='word_1_220' title='bbox 552 2773 703 2855; x_wconf 82' lang='lat' dir='ltr'><strong>Classenio</strong></span> <span class='ocrx_word' id='word_1_221' title='bbox 726 2775 879 2848; x_wconf 88' lang='lat' dir='ltr'><strong>assentiar,</strong></span> <span class='ocrx_word' id='word_1_222' title='bbox 907 2775 957 2850; x_wconf 92' lang='lat' dir='ltr'><strong>qui</strong></span> <span class='ocrx_word' id='word_1_223' title='bbox 980 2774 1075 2834; x_wconf 86' lang='lat' dir='ltr'><strong>verba</strong></span> <span class='ocrx_word' id='word_1_224' title='bbox 1102 2761 1187 2832; x_wconf 74' lang='grc' dir='ltr'><em>ἑπτα</em></span> <span class='ocrx_word' id='word_1_225' title='bbox 1213 2766 1275 2852; x_wconf 76' lang='grc' dir='ltr'><strong>μὲν</strong></span> 
     </span>
    </p>

    <p class='ocr_par' dir='ltr' id='par_1_11' title="bbox 155 2862 1280 2954">
     <span class='ocr_line' id='line_1_26' title="bbox 155 2862 1280 2954; baseline 0 -20"><span class='ocrx_word' id='word_1_226' title='bbox 155 2863 177 2954; x_wconf 79' lang='grc' dir='ltr'><strong><em>ἢ</em></strong></span> <span class='ocrx_word' id='word_1_227' title='bbox 202 2862 295 2934; x_wconf 82' lang='grc' dir='ltr'><em>ὀκτώ</em></span> <span class='ocrx_word' id='word_1_228' title='bbox 317 2870 464 2935; x_wconf 80' lang='grc' dir='ltr'><em>σταδίων</em></span> <span class='ocrx_word' id='word_1_229' title='bbox 487 2876 575 2935; x_wconf 89' lang='lat' dir='ltr'><strong>delet</strong></span> <span class='ocrx_word' id='word_1_230' title='bbox 619 2876 695 2934; x_wconf 87' lang='lat' dir='ltr'><strong>Nam</strong></span> <span class='ocrx_word' id='word_1_231' title='bbox 719 2880 840 2952; x_wconf 89' lang='lat' dir='ltr'><strong>praeter</strong></span> <span class='ocrx_word' id='word_1_232' title='bbox 862 2877 936 2936; x_wconf 89' lang='lat' dir='ltr'><strong>alias</strong></span> <span class='ocrx_word' id='word_1_233' title='bbox 959 2876 1156 2954; x_wconf 84' lang='lat' dir='ltr'><strong>difficultates,</strong></span> <span class='ocrx_word' id='word_1_234' title='bbox 1178 2895 1280 2953; x_wconf 90' lang='lat' dir='ltr'><strong>quam·</strong></span> 
     </span>
    </p>

    <p class='ocr_par' dir='ltr' id='par_1_12' title="bbox 155 2971 1279 3056">
     <span class='ocr_line' id='line_1_27' title="bbox 155 2971 1279 3056; baseline 0.001 -19"><span class='ocrx_word' id='word_1_235' title='bbox 155 2980 202 3038; x_wconf 89' lang='lat' dir='ltr'><strong>vis</strong></span> <span class='ocrx_word' id='word_1_236' title='bbox 225 2978 319 3038; x_wconf 90' lang='lat' dir='ltr'><strong>libera</strong></span> <span class='ocrx_word' id='word_1_237' title='bbox 341 2978 508 3056; x_wconf 80' lang='lat' dir='ltr'><strong>particulae</strong></span> <span class='ocrx_word' id='word_1_238' title='bbox 529 2971 590 3056; x_wconf 81' lang='grc' dir='ltr'><strong>μέν</strong></span> <span class='ocrx_word' id='word_1_239' title='bbox 606 2979 761 3038; x_wconf 90' lang='lat' dir='ltr'><strong>collocatio</strong></span> <span class='ocrx_word' id='word_1_240' title='bbox 784 2980 831 3055; x_wconf 89' lang='lat' dir='ltr'><strong>sit,</strong></span> <span class='ocrx_word' id='word_1_241' title='bbox 854 2978 942 3037; x_wconf 90' lang='lat' dir='ltr'><strong>talem</strong></span> <span class='ocrx_word' id='word_1_242' title='bbox 965 2979 1141 3038; x_wconf 91' lang='lat' dir='ltr'><strong>anomaliam</strong></span> <span class='ocrx_word' id='word_1_243' title='bbox 1158 2979 1279 3055; x_wconf 88' lang='lat' dir='ltr'><strong>Thucy·</strong></span> 
     </span>
    </p>

    <p class='ocr_par' dir='ltr' id='par_1_13' title="bbox 155 3071 1278 3160">
     <span class='ocr_line' id='line_1_28' title="bbox 155 3071 1278 3160; baseline 0 -19"><span class='ocrx_word' id='word_1_244' title='bbox 155 3080 218 3141; x_wconf 82' lang='lat' dir='ltr'><strong>didi</strong></span> <span class='ocrx_word' id='word_1_245' title='bbox 241 3081 374 3141; x_wconf 89' lang='lat' dir='ltr'><strong>tribuere</strong></span> <span class='ocrx_word' id='word_1_246' title='bbox 398 3082 500 3141; x_wconf 90' lang='lat' dir='ltr'><strong>nolim:</strong></span> <span class='ocrx_word' id='word_1_247' title='bbox 524 3080 627 3141; x_wconf 86' lang='lat' dir='ltr'><strong>debuit</strong></span> <span class='ocrx_word' id='word_1_248' title='bbox 650 3081 727 3140; x_wconf 90' lang='lat' dir='ltr'><strong>euim</strong></span> <span class='ocrx_word' id='word_1_249' title='bbox 750 3081 809 3141; x_wconf 84' lang='lat' dir='ltr'><strong>dici</strong></span> <span class='ocrx_word' id='word_1_250' title='bbox 824 3072 856 3151; x_wconf 79' lang='grc' dir='ltr'><strong>ἐς</strong></span> <span class='ocrx_word' id='word_1_251' title='bbox 870 3075 932 3158; x_wconf 80' lang='grc' dir='ltr'><strong>μὲν</strong></span> <span class='ocrx_word' id='word_1_252' title='bbox 948 3071 1011 3140; x_wconf 84' lang='grc' dir='ltr'><strong>τὸν</strong></span> <span class='ocrx_word' id='word_1_253' title='bbox 1024 3075 1129 3160; x_wconf 83' lang='grc' dir='ltr'><em>μέγαν</em></span> <span class='ocrx_word' id='word_1_254' title='bbox 1152 3076 1278 3160; x_wconf 85' lang='grc' dir='ltr'><em>λιμένα.</em></span> 
     </span>
    </p>

    <p class='ocr_par' dir='ltr' id='par_1_14' title="bbox 155 3183 1280 3261">
     <span class='ocr_line' id='line_1_29' title="bbox 155 3183 1280 3261; baseline 0.002 -19"><span class='ocrx_word' id='word_1_255' title='bbox 155 3184 224 3258; x_wconf 80' lang='lat' dir='ltr'><strong>Quo</strong></span> <span class='ocrx_word' id='word_1_256' title='bbox 255 3184 369 3243; x_wconf 88' lang='lat' dir='ltr'><strong>scilicet</strong></span> <span class='ocrx_word' id='word_1_257' title='bbox 400 3183 488 3244; x_wconf 85' lang='lat' dir='ltr'><strong>modo</strong></span> <span class='ocrx_word' id='word_1_258' title='bbox 510 3185 571 3243; x_wconf 89' lang='lat' dir='ltr'><strong>tale</strong></span> <span class='ocrx_word' id='word_1_259' title='bbox 599 3185 747 3260; x_wconf 80' lang='lat' dir='ltr'><strong>glossema</strong></span> <span class='ocrx_word' id='word_1_260' title='bbox 776 3185 806 3243; x_wconf 91' lang='lat' dir='ltr'><strong>in</strong></span> <span class='ocrx_word' id='word_1_261' title='bbox 829 3188 942 3243; x_wconf 84' lang='lat' dir='ltr'><strong>textum</strong></span> <span class='ocrx_word' id='word_1_262' title='bbox 966 3186 1120 3261; x_wconf 88' lang='lat' dir='ltr'><strong>irrepserit</strong></span> <span class='ocrx_word' id='word_1_263' title='bbox 1148 3187 1199 3245; x_wconf 85' lang='lat' dir='ltr'><strong>vix</strong></span> <span class='ocrx_word' id='word_1_264' title='bbox 1223 3186 1280 3245; x_wconf 87' lang='lat' dir='ltr'><strong>dici</strong></span> 
     </span>
    </p>

    <p class='ocr_par' dir='ltr' id='par_1_15' title="bbox 155 3270 1279 3366">
     <span class='ocr_line' id='line_1_30' title="bbox 155 3270 1279 3366; baseline 0 -20"><span class='ocrx_word' id='word_1_265' title='bbox 155 3290 265 3364; x_wconf 89' lang='lat' dir='ltr'><strong>potest.</strong></span> <span class='ocrx_word' id='word_1_266' title='bbox 310 3280 461 3359; x_wconf 33' lang='lat'>1140,1*:</span> <span class='ocrx_word' id='word_1_267' title='bbox 493 3283 555 3365; x_wconf 84' lang='grc' dir='ltr'><strong>Τῆς</strong></span> <span class='ocrx_word' id='word_1_268' title='bbox 577 3280 637 3365; x_wconf 77' lang='grc' dir='ltr'><strong>μὲν</strong></span> <span class='ocrx_word' id='word_1_269' title='bbox 659 3275 792 3366; x_wconf 83' lang='grc' dir='ltr'><em>γνώμης</em></span> <span class='ocrx_word' id='word_1_270' title='bbox 820 3270 869 3345; x_wconf 79' lang='grc' dir='ltr'><strong>ἀεὶ</strong></span> <span class='ocrx_word' id='word_1_271' title='bbox 892 3283 951 3364; x_wconf 82' lang='grc' dir='ltr'><strong>τῆς</strong></span> <span class='ocrx_word' id='word_1_272' title='bbox 973 3272 1076 3364; x_wconf 76' lang='grc' dir='ltr'><em>αὐτῆς</em></span> <span class='ocrx_word' id='word_1_273' title='bbox 1099 3279 1213 3365; x_wconf 69' lang='grc' dir='ltr'><em>ἔχομαι</em></span> <span class='ocrx_word' id='word_1_274' title='bbox 1235 3278 1279 3365; x_wconf 77' lang='grc' dir='ltr'><strong>μὴ</strong></span> 
     </span>
    </p>

    <p class='ocr_par' dir='ltr' id='par_1_16' title="bbox 155 3371 1280 3467">
     <span class='ocr_line' id='line_1_31' title="bbox 155 3371 1280 3467; baseline -0.001 -20"><span class='ocrx_word' id='word_1_275' title='bbox 155 3381 259 3447; x_wconf 73' lang='grc' dir='ltr'>εἴκειν</span> <span class='ocrx_word' id='word_1_276' title='bbox 280 3401 340 3428; x_wconf 92' lang='grc'><strong>-·</strong></span> <span class='ocrx_word' id='word_1_277' title='bbox 369 3371 440 3466; x_wconf 84' lang='grc' dir='ltr'><strong>ὁρώ</strong></span> <span class='ocrx_word' id='word_1_278' title='bbox 471 3382 507 3447; x_wconf 78' lang='grc' dir='ltr'><strong>δὲ</strong></span> <span class='ocrx_word' id='word_1_279' title='bbox 536 3382 593 3446; x_wconf 85' lang='grc' dir='ltr'><strong>καὶ</strong></span> <span class='ocrx_word' id='word_1_280' title='bbox 620 3385 682 3446; x_wconf 84' lang='grc' dir='ltr'><strong>νῦν</strong></span> <span class='ocrx_word' id='word_1_281' title='bbox 714 3371 813 3466; x_wconf 87' lang='grc' dir='ltr'><em>ὁμοῖα</em></span> <span class='ocrx_word' id='word_1_282' title='bbox 843 3382 1091 3466; x_wconf 78' lang='grc' dir='ltr'><em>ξυμβουλευτέα</em></span> <span class='ocrx_word' id='word_1_283' title='bbox 1111 3405 1168 3467; x_wconf 87' lang='grc' dir='ltr'><strong>μοι</strong></span> <span class='ocrx_word' id='word_1_284' title='bbox 1195 3377 1280 3446; x_wconf 86' lang='grc' dir='ltr'><em>εἶναι</em></span> 
     </span>
    </p>

    <p class='ocr_par' dir='ltr' id='par_1_17' title="bbox 155 3476 1280 3571">
     <span class='ocr_line' id='line_1_32' title="bbox 155 3476 1280 3571; baseline -0.001 -21"><span class='ocrx_word' id='word_1_285' title='bbox 155 3510 213 3571; x_wconf 87' lang='lat' dir='ltr'><strong>pro</strong></span> <span class='ocrx_word' id='word_1_286' title='bbox 244 3476 295 3549; x_wconf 80' lang='grc' dir='ltr'><strong>ἀεὶ</strong></span> <span class='ocrx_word' id='word_1_287' title='bbox 331 3484 401 3568; x_wconf 85' lang='grc' dir='ltr'><strong>μέν.</strong></span> <span class='ocrx_word' id='word_1_288' title='bbox 458 3490 546 3565; x_wconf 82' lang='lat' dir='ltr'><strong>Quod</strong></span> <span class='ocrx_word' id='word_1_289' title='bbox 578 3491 670 3552; x_wconf 80' lang='lat' dir='ltr'><strong>Glaes.</strong></span> <span class='ocrx_word' id='word_1_290' title='bbox 703 3491 774 3550; x_wconf 88' lang='lat' dir='ltr'><strong>dicit</strong></span> <span class='ocrx_word' id='word_1_291' title='bbox 802 3493 942 3569; x_wconf 88' lang='lat' dir='ltr'><strong>propriae</strong></span> <span class='ocrx_word' id='word_1_292' title='bbox 973 3492 1139 3551; x_wconf 87' lang='lat' dir='ltr'><strong>sententiae</strong></span> <span class='ocrx_word' id='word_1_293' title='bbox 1169 3492 1280 3567; x_wconf 91' lang='lat' dir='ltr'><strong>opponi</strong></span> 
     </span>
    </p>

    <p class='ocr_par' dir='ltr' id='par_1_18' title="bbox 155 3592 1280 3670">
     <span class='ocr_line' id='line_1_33' title="bbox 155 3592 1280 3670; baseline -0.004 -16"><span class='ocrx_word' id='word_1_294' title='bbox 155 3594 315 3654; x_wconf 89' lang='lat' dir='ltr'><strong>consilium</strong></span> <span class='ocrx_word' id='word_1_295' title='bbox 345 3594 457 3670; x_wconf 92' lang='lat' dir='ltr'><strong>populo</strong></span> <span class='ocrx_word' id='word_1_296' title='bbox 487 3593 589 3652; x_wconf 91' lang='lat' dir='ltr'><strong>datum</strong></span> <span class='ocrx_word' id='word_1_297' title='bbox 619 3612 678 3653; x_wconf 90' lang='lat' dir='ltr'><strong>non</strong></span> <span class='ocrx_word' id='word_1_298' title='bbox 717 3599 797 3652; x_wconf 89' lang='lat' dir='ltr'><strong>recte</strong></span> <span class='ocrx_word' id='word_1_299' title='bbox 835 3594 907 3654; x_wconf 91' lang='lat' dir='ltr'><strong>mihi</strong></span> <span class='ocrx_word' id='word_1_300' title='bbox 944 3594 1123 3652; x_wconf 84' lang='lat' dir='ltr'><strong>intellexisse</strong></span> <span class='ocrx_word' id='word_1_301' title='bbox 1153 3592 1280 3652; x_wconf 82' lang='lat' dir='ltr'><strong>videtur.</strong></span> 
     </span>
    </p>

    <p class='ocr_par' dir='ltr' id='par_1_19' title="bbox 155 3686 1278 3773">
     <span class='ocr_line' id='line_1_34' title="bbox 155 3686 1278 3773; baseline -0.005 -15"><span class='ocrx_word' id='word_1_302' title='bbox 155 3699 235 3758; x_wconf 85' lang='lat' dir='ltr'><strong>Nam</strong></span> <span class='ocrx_word' id='word_1_303' title='bbox 258 3716 274 3756; x_wconf 91' lang='lat' dir='ltr'><strong>e</strong></span> <span class='ocrx_word' id='word_1_304' title='bbox 298 3697 396 3757; x_wconf 89' lang='lat' dir='ltr'><strong>verbis</strong></span> <span class='ocrx_word' id='word_1_305' title='bbox 419 3690 540 3773; x_wconf 81' lang='grc' dir='ltr'><em>καίπερ</em></span> <span class='ocrx_word' id='word_1_306' title='bbox 563 3686 660 3766; x_wconf 80' lang='grc' dir='ltr'><em>εἰδώς</em></span> <span class='ocrx_word' id='word_1_307' title='bbox 683 3713 748 3755; x_wconf 77' lang='lat' dir='ltr'><strong>aaa.</strong></span> <span class='ocrx_word' id='word_1_308' title='bbox 779 3696 877 3757; x_wconf 91' lang='lat' dir='ltr'><strong>elucet</strong></span> <span class='ocrx_word' id='word_1_309' title='bbox 904 3697 991 3756; x_wconf 90' lang='lat' dir='ltr'><strong>etiam</strong></span> <span class='ocrx_word' id='word_1_310' title='bbox 1016 3698 1045 3754; x_wconf 92' lang='lat' dir='ltr'><strong>in</strong></span> <span class='ocrx_word' id='word_1_311' title='bbox 1068 3697 1168 3772; x_wconf 89' lang='lat' dir='ltr'><strong>priore</strong></span> <span class='ocrx_word' id='word_1_312' title='bbox 1191 3714 1278 3754; x_wconf 92' lang='lat' dir='ltr'><strong>mem-</strong></span> 
     </span>
    </p>

    <p class='ocr_par' dir='ltr' id='par_1_20' title="bbox 155 3797 1279 3874">
     <span class='ocr_line' id='line_1_35' title="bbox 155 3797 1279 3874; baseline -0.004 -13"><span class='ocrx_word' id='word_1_313' title='bbox 155 3801 210 3861; x_wconf 87' lang='lat' dir='ltr'><strong>bro</strong></span> <span class='ocrx_word' id='word_1_314' title='bbox 234 3798 386 3858; x_wconf 91' lang='lat' dir='ltr'><strong>consilium</strong></span> <span class='ocrx_word' id='word_1_315' title='bbox 412 3799 479 3857; x_wconf 92' lang='lat' dir='ltr'><strong>aliis</strong></span> <span class='ocrx_word' id='word_1_316' title='bbox 501 3797 632 3864; x_wconf 85' lang='lat' dir='ltr'><strong>dandum</strong></span> <span class='ocrx_word' id='word_1_317' title='bbox 656 3799 845 3874; x_wconf 84' lang='lat' dir='ltr'><strong>cogitandum</strong></span> <span class='ocrx_word' id='word_1_318' title='bbox 875 3817 954 3858; x_wconf 89' lang='lat' dir='ltr'><strong>esse:</strong></span> <span class='ocrx_word' id='word_1_319' title='bbox 985 3802 1178 3874; x_wconf 87' lang='lat' dir='ltr'><strong>opponuntur</strong></span> <span class='ocrx_word' id='word_1_320' title='bbox 1200 3799 1279 3857; x_wconf 88' lang='lat' dir='ltr'><strong>inter</strong></span> 
     </span>
    </p>

    <p class='ocr_par' dir='ltr' id='par_1_21' title="bbox 155 3886 1277 3979">
     <span class='ocr_line' id='line_1_36' title="bbox 155 3886 1277 3979; baseline -0.002 -17"><span class='ocrx_word' id='word_1_321' title='bbox 155 3921 190 3962; x_wconf 87' lang='lat' dir='ltr'><strong>se</strong></span> <span class='ocrx_word' id='word_1_322' title='bbox 213 3886 264 3960; x_wconf 78' lang='grc' dir='ltr'><em>ἆεὶ</em></span> <span class='ocrx_word' id='word_1_323' title='bbox 288 3909 318 3962; x_wconf 92' lang='lat' dir='ltr'><strong>et</strong></span> <span class='ocrx_word' id='word_1_324' title='bbox 341 3896 394 3960; x_wconf 81' lang='lat' dir='ltr'><strong>xci</strong></span> <span class='ocrx_word' id='word_1_325' title='bbox 421 3898 485 3960; x_wconf 82' lang='grc' dir='ltr'><em>νι”·ν</em></span> <span class='ocrx_word' id='word_1_326' title='bbox 507 3902 645 3960; x_wconf 88' lang='lat' dir='ltr'><strong>anomala</strong></span> <span class='ocrx_word' id='word_1_327' title='bbox 667 3902 834 3978; x_wconf 89' lang='lat' dir='ltr'><strong>particulae</strong></span> <span class='ocrx_word' id='word_1_328' title='bbox 855 3894 917 3979; x_wconf 84' lang='grc' dir='ltr'><strong>μέν</strong></span> <span class='ocrx_word' id='word_1_329' title='bbox 933 3901 1139 3960; x_wconf 88' lang='lat' dir='ltr'><strong>collocatione.</strong></span> <span class='ocrx_word' id='word_1_330' title='bbox 1182 3903 1277 3961; x_wconf 82' lang='lat' dir='ltr'><strong>Etiam</strong></span> 
     </span>
    </p>
   </div>
   <div class='ocr_carea' id='block_1_3' title="bbox 156 3991 1412 4082">
    <p class='ocr_par' dir='ltr' id='par_1_22' title="bbox 156 3991 1412 4082">
     <span class='ocr_line' id='line_1_37' title="bbox 156 3991 1412 4082; baseline -0.002 -16"><span class='ocrx_word' id='word_1_331' title='bbox 156 4004 368 4066; x_wconf 84' lang='lat' dir='ltr'><strong>Sthenelaldae</strong></span> <span class='ocrx_word' id='word_1_332' title='bbox 384 4005 479 4064; x_wconf 88' lang='lat' dir='ltr'><strong>oratio</strong></span> <span class='ocrx_word' id='word_1_333' title='bbox 502 3999 574 4065; x_wconf 88' lang='grc'><strong>186</strong></span> <span class='ocrx_word' id='word_1_334' title='bbox 591 4023 645 4082; x_wconf 91' lang='lat' dir='ltr'><strong>per</strong></span> <span class='ocrx_word' id='word_1_335' title='bbox 658 3997 719 4081; x_wconf 85' lang='grc' dir='ltr'><strong>μέν</strong></span> <span class='ocrx_word' id='word_1_336' title='bbox 740 4004 953 4063; x_wconf 88' lang='lat' dir='ltr'><strong>introducitur:</strong></span> <span class='ocrx_word' id='word_1_337' title='bbox 976 3991 1056 4074; x_wconf 79' lang='grc' dir='ltr'><em>τοὺς</em></span> <span class='ocrx_word' id='word_1_338' title='bbox 1076 3997 1138 4080; x_wconf 82' lang='grc' dir='ltr'><strong>μὲν</strong></span> <span class='ocrx_word' id='word_1_339' title='bbox 1159 3992 1279 4082; x_wconf 89' lang='grc' dir='ltr'><em>λόγους</em></span> <span class='ocrx_word' id='word_1_340' title='bbox 1380 4019 1381 4024; x_wconf 74' lang='grc'>’</span> <span class='ocrx_word' id='word_1_341' title='bbox 1407 4065 1412 4076; x_wconf 76' lang='grc'>,</span> 
     </span>
    </p>
   </div>
   <div class='ocr_carea' id='block_1_4' title="bbox 156 4090 1279 4287">
    <p class='ocr_par' dir='ltr' id='par_1_23' title="bbox 156 4090 1279 4287">
     <span class='ocr_line' id='line_1_38' title="bbox 156 4090 1279 4185; baseline 0 -20"><span class='ocrx_word' id='word_1_342' title='bbox 156 4090 237 4178; x_wconf 78' lang='grc' dir='ltr'><strong>τούς</strong></span> <span class='ocrx_word' id='word_1_343' title='bbox 264 4096 415 4176; x_wconf 72' lang='grc' dir='ltr'><em>πολλοὺς</em></span> <span class='ocrx_word' id='word_1_344' title='bbox 449 4103 519 4166; x_wconf 82' lang='grc' dir='ltr'><strong>τῶν</strong></span> <span class='ocrx_word' id='word_1_345' title='bbox 557 4090 743 4185; x_wconf 63' lang='grc' dir='ltr'><em>Ἀθηναίων</em></span> <span class='ocrx_word' id='word_1_346' title='bbox 772 4091 813 4165; x_wconf 80' lang='grc' dir='ltr'><strong>οὐ</strong></span> <span class='ocrx_word' id='word_1_347' title='bbox 841 4094 1016 4185; x_wconf 82' lang='grc' dir='ltr'><em>γιγνώσκω</em></span> <span class='ocrx_word' id='word_1_348' title='bbox 1045 4137 1087 4145; x_wconf 85' lang='lat'><em>-</em></span> <span class='ocrx_word' id='word_1_349' title='bbox 1116 4090 1209 4185; x_wconf 79' lang='grc' dir='ltr'><em>ἡμεῖς</em></span> <span class='ocrx_word' id='word_1_350' title='bbox 1243 4100 1279 4165; x_wconf 81' lang='grc' dir='ltr'><strong>δὲ</strong></span> 
     </span>
     <span class='ocr_line' id='line_1_39' title="bbox 157 4191 1279 4287; baseline 0.001 -20"><span class='ocrx_word' id='word_1_351' title='bbox 157 4191 271 4287; x_wconf 81' lang='grc' dir='ltr'><em>ὁμοῖοι</em></span> <span class='ocrx_word' id='word_1_352' title='bbox 293 4204 350 4267; x_wconf 87' lang='grc' dir='ltr'><strong>καὶ</strong></span> <span class='ocrx_word' id='word_1_353' title='bbox 372 4194 452 4267; x_wconf 76' lang='lat' dir='ltr'><strong>roca</strong></span> <span class='ocrx_word' id='word_1_354' title='bbox 473 4202 530 4266; x_wconf 82' lang='grc' dir='ltr'><strong>καὶ</strong></span> <span class='ocrx_word' id='word_1_355' title='bbox 559 4205 624 4267; x_wconf 88' lang='grc' dir='ltr'><strong>νῦν</strong></span> <span class='ocrx_word' id='word_1_356' title='bbox 651 4199 758 4286; x_wconf 78' lang='grc' dir='ltr'><em>ἐσμεν.</em></span> <span class='ocrx_word' id='word_1_357' title='bbox 803 4209 853 4272; x_wconf 84' lang='lat' dir='ltr'><strong>Sic</strong></span> <span class='ocrx_word' id='word_1_358' title='bbox 879 4210 956 4269; x_wconf 91' lang='lat' dir='ltr'><strong>euim</strong></span> <span class='ocrx_word' id='word_1_359' title='bbox 980 4210 1134 4270; x_wconf 87' lang='lat' dir='ltr'><strong>enuntiata</strong></span> <span class='ocrx_word' id='word_1_360' title='bbox 1156 4209 1211 4269; x_wconf 87' lang='lat' dir='ltr'><strong>sibi</strong></span> <span class='ocrx_word' id='word_1_361' title='bbox 1234 4227 1279 4269; x_wconf 88' lang='lat' dir='ltr'><strong>re·</strong></span> 
     </span>
    </p>
   </div>
   <div class='ocr_carea' id='block_1_5' title="bbox 0 0 1435 4620">
    <p class='ocr_par' dir='ltr' id='par_1_24' title="bbox 0 0 1435 4620">
     <span class='ocr_line' id='line_1_40' title="bbox 0 0 1435 4620; baseline 0 0"><span class='ocrx_word' id='word_1_362' title='bbox 0 0 1435 4620; x_wconf 95' lang='lat' dir='ltr'><strong> </strong></span> 
     </span>
    </p>
   </div>
  </div>
 </body>
</html>
