2842 4620
175 223 195 282 8

262 392 318 450 His
340 392 430 468 igitur
455 392 529 452 loeis
558 395 625 469 post
653 390 817 467 longiorem
846 392 954 468 prioris
977 392 1099 452 membri
1128 393 1297 469 explicatio·

177 513 243 554 nem
272 495 457 554 enuntiatum
487 494 573 554 aliter
599 493 764 554 absolvitur
793 496 884 570 atque
913 493 1065 570 Inoeptum
1089 498 1169 570 erat,
1197 495 1239 554 its
1265 499 1299 554 ut

177 597 306 673 scriptor
328 589 389 673 μέν
416 597 496 672 quod
520 599 609 656 antea
633 595 761 674 positum
785 600 831 655 est
853 596 910 656 iam
933 596 1041 656 oblitus
1064 614 1129 657 esse
1153 596 1297 657 videatur.

177 703 211 760 In
228 699 292 759 aliis
308 699 453 776 exemplis
469 699 615 775 opposItio
632 698 731 758 verbis
747 699 867 759 omnino
883 717 942 758 non
959 699 1124 774 significata
1140 718 1194 777 per
1208 718 1240 759 se
1255 700 1297 758 in-

177 801 343 877 tellegitur,
370 804 403 860 ut
430 800 592 878 11139,2:
626 792 855 880 ἐπανέστησαν
881 796 1012 877 μᾶλλον
1040 786 1061 876 ἢ
1091 785 1296 879 ἀπέστησαν·

178 887 358 972 ἀπόστασις
379 895 499 979 μένγε
521 898 592 960 τῶν
613 887 725 974 βίαιόν
748 918 780 960 τι
806 892 1009 979 πασχόντων
1031 895 1130 976 ἐστιν,
1158 902 1219 962 soil.
1241 895 1297 960 ἒπ-

179 995 358 1075 ανάστασις
374 996 409 1062 δὲ
423 1000 496 1062 τῶν
512 988 613 1062 οὐδὲν
625 998 787 1062 τοιοῦτον
800 993 1013 1081 πασχόντων,
1029 1005 1084 1064 VH
1100 1008 1195 1077 55,1;
1217 993 1298 1082 ποό-

177 1124 277 1186 τερον
292 1100 352 1184 μὲν
366 1097 428 1185 γὰρ
443 1099 646 1182 ἐφοβοῦντο,
662 1109 726 1167 soil.
741 1096 818 1166 τότε
835 1101 869 1166 δὲ
885 1093 1007 1180 οόκέτι,
1031 1109 1070 1168 Vl
1087 1112 1182 1185 25,1:
1206 1096 1298 1166 όντων

177 1205 239 1287 μὲν
262 1199 355 1269 εἶπεν
381 1193 448 1282 ότι,
479 1209 559 1286 qnod
589 1229 648 1269 non
677 1228 752 1286 opus
780 1215 826 1270 est
852 1228 918 1269 eum
945 1211 1104 1286 Kruegero
1133 1211 1242 1271 mutari
1267 1210 1296 1269 in

178 1300 250 1370 εἶπε
273 1296 306 1369 δ’
322 1297 386 1384 ότι,
409 1330 589 1388 quamquam
613 1313 751 1389 enempla
774 1313 811 1371 ab
834 1331 870 1372 eo
892 1312 985 1371 allata
1007 1312 1207 1372 oonieotnram
1230 1330 1298 1388 pro·

179 1413 301 1474 babilem
332 1413 432 1473 iacere
459 1414 606 1474 videntur.
650 1413 766 1487 Quibus
793 1414 823 1473 in
851 1414 924 1473 loeis
950 1413 1038 1473 valde
1067 1414 1159 1473 miror
1190 1416 1298 1473 Btnm-

178 1518 299 1576 leinium
323 1536 351 1593 p.
372 1520 433 1577 162
456 1516 690 1576 confirmativam
706 1517 766 1575 vim
790 1534 963 1594 agnoscere.
1001 1518 1094 1576 th:
1118 1502 1219 1586 αὐτὸς
1237 1510 1298 1593 μὲν

178 1653 219 1662 -
242 1607 439 1697 {superdeum
469 1638 505 1679 ex
528 1622 669 1679 contextu
693 1618 837 1679 orationis
860 1624 986 1696 apparet
1014 1619 1128 1695 legatos
1150 1618 1298 1679 Laoedae·

85 1771 88 1776 .
180 1740 264 1782 mone
288 1740 452 1781 remanere.
478 1722 548 1782 VIII
565 1726 617 1782 22:
641 1717 697 1780 καὶ
721 1712 755 1780 αἱ
769 1715 831 1798 μὲν
846 1718 922 1798 νῆες
943 1711 1214 1781 ααταπλεύσασαι
1229 1709 1299 1800 Μή-

178 1825 315 1902 θυμναν
338 1809 505 1899 docendum
535 1823 607 1900 quid
634 1823 775 1901 pedester
802 1825 950 1884 exereitus
978 1823 1084 1885 feeerit
1111 1843 1171 1885 non
1194 1844 1298 1884 narra·

178 1932 238 2003 tur,
260 1927 373 1986 scilieet
396 1925 478 2002 nihil,
500 1945 526 1984 v.
548 1925 730 1986 Classenium
753 1945 779 1984 a.
795 1926 812 1985 l.
849 1926 968 1999 190‚4
992 1925 1102 1985 verbis:
1125 1920 1181 1984 καὶ
1205 1914 1299 2005 ὁμὲν

179 2023 254 2106 (soil.
273 2023 511 2105 θεμιστοκλῆς)
533 2023 640 2086 ταῦτα
663 2016 797 2103 διδάξας
813 2056 854 2067 -
870 2015 977 2105 ᾤχετο
1002 2027 1093 2088 Olane.
1115 2028 1298 2104 respondere

178 2135 264 2208 putat
287 2134 388 2204 91,1;
419 2121 451 2188 οἱ
478 2123 514 2188 δὲ
540 2115 721 2200 όκοόοντες
749 2145 833 2200 κτα,
865 2148 924 2189 non
954 2133 1035 2189 reote
1063 2130 1176 2206 opinor.
1221 2131 1297 2190 Nam

179 2233 254 2293 haeo
281 2233 374 2292 verba
400 2221 456 2310 per
479 2225 515 2292 δέ
541 2236 606 2292 arte
632 2233 780 2309 prloribus
807 2235 1021 2303 annectuntur,
1052 2232 1082 2291 in
1110 2233 1298 2309 oppositione

181 2341 279 2397 autem
308 2355 367 2397 non
398 2336 435 2396 de
464 2337 725 2410 Lacedaemoniis,
756 2335 809 2395 sed
837 2335 874 2395 de
901 2335 1134 2396 Atheniensibus
1165 2335 1223 2396 diei
1250 2355 1297 2395 ex·

180 2444 364 2517 spectamus,
403 2438 529 2499 fortasse
559 2430 591 2497 οὶ
621 2431 656 2497 δὲ
684 2425 730 2507 ὡς
759 2427 943 2513 ἐπετόξατο
978 2422 1186 2515 ᾠκοδόμουν.
1240 2438 1298 2498 Sed

181 2545 249 2620 post
271 2542 434 2618 longiorem
458 2542 493 2602 de
518 2541 594 2601 dolis
616 2542 848 2602 aTbemistoole
870 2541 1226 2618 apudLaoodaemonios
1248 2540 1298 2601 ad·

110 2664 111 2668 ¹
184 2644 284 2704 hibitis
306 2645 507 2704 narrationem
530 2643 609 2703 illam
625 2661 687 2704 rem
710 2644 838 2721 seulptor
861 2662 1011 2720 exponere
1027 2643 1137 2703 oblitus
1154 2648 1208 2704 est.
1252 2645 1299 2702 ri-

182 2747 228 2805 nis
251 2744 339 2805 modo
362 2746 462 2822 operis
486 2748 534 2820 93,
551 2750 581 2806 1:
612 2735 726 2824 τούτῳ
747 2742 797 2824 τῷ
819 2734 937 2824 τρόπῳ
959 2774 1001 2785 -
1023 2737 1184 2822 ἐτείχισαν
1206 2744 1299 2804 brevi-

182 2855 227 2909 ter
250 2850 390 2926 tangitur.
412 2849 510 2909 -In
533 2849 600 2909 looo
622 2849 781 2910 admodum
805 2848 931 2923 difficili,
959 2850 1043 2908 ouius
1066 2851 1148 2908 certa
1170 2848 1298 2925 expliea-

182 2953 222 3012 tio
246 2953 376 3012 nondum
399 2953 522 3012 inventa
544 2957 601 3023 est,
629 2953 656 3012 Π
679 2956 717 3014 78
747 2953 795 3013 ubi
819 2953 912 3012 verba
933 2942 973 3010 τὸ
995 2945 1031 3011 δὲ
1054 2935 1178 3010 λοιπόν
1200 2935 1299 3026 ἀφέν-

118 3064 121 3069 ’
182 3073 235 3124 τες
265 3057 295 3114 in
319 3055 436 3131 optimis
460 3053 612 3114 oodioibns
642 3057 750 3115 omissa
777 3060 862 3129 sunt,
892 3073 952 3115 non
980 3072 1102 3132 possum
1132 3053 1203 3130 quin
1233 3072 1299 3114 eum
1330 3125 1333 3132 ,

181 3158 273 3218 Oiass.
289 3159 377 3217 etlam
393 3158 493 3234 priora
513 3151 612 3235 μέρος
626 3150 688 3234 μέν
710 3173 742 3215 τι
764 3146 1008 3228 καταλιπόντες
1029 3151 1093 3215 τοῦ
1117 3151 1299 3234 στρατοπέ-
1379 3156 1381 3160 '

182 3253 243 3318 δον
266 3259 390 3319 deleam.
433 3260 508 3319 Nam
533 3278 600 3319 oum
623 3277 721 3336 neque
736 3260 896 3320 verisimile
919 3264 965 3320 est
986 3264 1055 3321 ante
1076 3259 1226 3336 perfectos
1242 3259 1299 3317 eir-

182 3362 417 3423 eumvallationIs
441 3362 558 3424 labores
586 3364 724 3423 maiorem
747 3366 861 3441 partem
885 3363 1036 3423 exereitus
1059 3362 1208 3422 dimissam
1231 3378 1297 3422 esse

182 3485 237 3526 nee
259 3484 387 3543 quonam
412 3484 446 3525 ea
469 3484 539 3544 pars
561 3462 741 3526 abseesserit
764 3465 900 3526 divinare
923 3483 1093 3544 possumus,
1122 3470 1184 3525 tum
1214 3465 1299 3525 iaeile

182 3573 308 3647 apparet
324 3587 359 3628 ea
374 3568 465 3628 verba
480 3587 517 3628 ex
533 3569 575 3629 eis
591 3587 668 3645 quae
684 3573 867 3646 sequuntur:
889 3556 1133 3638 καταλιπόντες
1148 3556 1300 3643 φύλακας

181 3673 256 3732 falso
291 3671 364 3731 illue
395 3671 547 3731 invasisse.
584 3672 627 3731 111
659 3676 718 3733 111
755 3671 896 3733 traditum
920 3675 977 3730 est:
1012 3654 1086 3729 όσοι
1117 3686 1206 3747 μεν.
1232 3716 1238 3728 .
1263 3715 1298 3729 ..

182 3765 366 3852 ἐτύγχανον
388 3779 493 3852 aperta
516 3775 632 3847 lacuna,
655 3776 684 3834 ln
708 3793 766 3852 qua
780 3791 840 3850 μεν
863 3792 900 3834 ex
923 3775 1079 3851 partioIpio
1101 3775 1202 3850 aliquo
1219 3778 1299 3833 trun·

183 3883 280 3937 eatum
304 3896 369 3937 esse
385 3881 509 3938 constat.
542 3879 557 3938 l
579 3881 626 3950 69,
643 3882 662 3938 4
686 3878 814 3954 denique
831 3877 960 3938 editores
976 3883 1094 3955 praeter
1110 3879 1298 3955 Krnegerum

183 3986 213 4042 et
235 3981 413 4042 SchoenIum
440 3981 539 4041 neseio
568 3981 688 4058 quade
717 3998 808 4040 eausa
836 3998 872 4039 ex
900 3980 1023 4059 vulgata
1051 3985 1156 4042 contra
1182 3981 1300 4041 oodiees

182 4085 371 4143 retinuerunt
391 4075 461 4161 μέν,
485 4101 665 4161 quamquam
687 4082 759 4142 nihil
782 4081 953 4160 respondet.

268 4186 368 4263 Atque
391 4187 437 4246 bis
453 4184 573 4263 quidem
589 4187 661 4247 locis
683 4184 832 4264 oppositio
856 4190 907 4246 aut
925 4186 1094 4265 supplenda
1115 4189 1168 4247 aut
1184 4187 1301 4248 oooulta
