2842 4620
179 232 219 290 26

180 399 209 458 ἱο
227 403 354 476 utraque
377 399 505 460 lectione
521 401 676 460 collocatio
691 401 852 461 vorborum
873 386 913 458 τὸ
928 394 990 478 μέν
1005 403 1163 478 scrupulos
1179 421 1298 462 movere

178 504 292 576 potest,
325 504 518 577 exspectatur
544 503 628 562 enim
656 503 698 562 sic
729 487 827 561 αὐτοί
854 504 940 564 etiam
972 506 1146 581 posterioris
1176 506 1299 564 membri

178 603 342 681 subjectum
366 621 444 664 esse:
467 605 569 665 debuit
590 604 678 666 scribi
700 594 741 663 τὸ
763 595 908 683 μὲνγὰρ
931 590 1037 665 αὐτοί.

711 786 764 852 Vl.

154 912 158 918 ·
263 894 433 955 Particulae
461 888 523 972 μέν
546 898 576 955 et
598 889 636 954 δέ
662 895 862 955 diversitatem
885 915 984 956 rerum
1008 895 1149 956 indicant.
1193 897 1300 972 ltaque

178 998 228 1059 ubi
251 999 416 1058 contrariae
446 1016 495 1058 res
522 999 577 1057 sibi
600 1011 809 1075 opponuntur,
841 999 910 1059 illae
938 1000 1034 1059 locum
1064 1005 1176 1059 tenent.
1220 999 1299 1072 Quo·

179 1100 266 1161 modo
290 1120 327 1160 ex
358 1119 393 1161 eo
425 1119 479 1160 usu
503 1099 542 1159 ad
571 1101 748 1177 partitiones
778 1102 942 1162 translatae
969 1103 1029 1162 sint
1058 1101 1192 1162 uidimus.
1237 1104 1298 1161 lam

178 1222 250 1264 vero
281 1203 351 1263 binc
380 1202 466 1263 lacile
495 1203 680 1280 intellegitur
712 1222 771 1263 nou
806 1204 926 1280 longam
959 1223 1024 1264 esse
1047 1206 1123 1264 viam
1161 1204 1198 1263 au
1232 1223 1299 1263 eum

179 1324 274 1382 usum,
298 1306 346 1365 ubi
368 1305 533 1382 particulas
556 1305 632 1366 duas
654 1323 703 1365 res
718 1306 892 1383 simpliciter
914 1308 1065 1383 copulant,
1088 1308 1137 1367 ubi
1157 1325 1212 1367 nos
1234 1326 1300 1366 ver·

178 1411 267 1469 timus
292 1407 402 1482 „und“.
450 1407 571 1469 Scilicet
597 1408 773 1486 plerumque
804 1409 893 1469 etiam
912 1411 953 1488 ¹in
986 1409 1029 1469 eis
1056 1409 1199 1487 exemplis
1222 1427 1299 1485 quae

145 1581 150 1586 ⁴
179 1512 238 1570 huc
261 1511 413 1570 trahemus
442 1511 639 1587 oppositionis
666 1512 710 1570 vis
739 1531 798 1571 non
821 1513 910 1588 plane
933 1513 1063 1572 euanuit.
1114 1511 1173 1571 Sed
1197 1529 1232 1571 ea
1255 1516 1300 1570 est

179 1615 358 1673 differentia:
381 1613 487 1673 Gracci
511 1612 726 1690 oppositionem
750 1614 882 1674 indicare
904 1615 944 1674 ibi
969 1632 1090 1691 quoque
1114 1615 1222 1690 solent,
1248 1613 1300 1673 ubi

62 1703 65 1709 ’
179 1734 234 1777 uos
256 1715 329 1775 nihil
352 1716 408 1775 nisi
432 1714 557 1774 duarum
574 1735 673 1775 rerum
697 1717 938 1793 conjunctionem
955 1716 1166 1792 intellegimus.
1211 1715 1298 1789 Quod
1349 1731 1351 1734 ’

178 1819 211 1878 lit
234 1836 300 1877 cum
323 1818 353 1877 in
376 1816 585 1894 partitionibus
612 1819 684 1895 ipsis
715 1823 777 1877 tum
801 1819 825 1877 si
853 1818 987 1896 subjecta
1010 1818 1205 1904 membrorum
1230 1836 1300 1877 con-

179 1923 280 1997 traria,
302 1921 477 1999 praedicata
494 1939 571 1995 ¹vero
595 1922 681 1998 paria
701 1922 749 1980 vel
772 1920 879 1980 similia
894 1922 942 1981 vel
964 1925 1044 1981 certe
1068 1940 1127 1980 nou
1152 1920 1301 1980 contraria

180 2029 257 2084 sunt.
301 2025 378 2082 Tum
406 2025 483 2083 enim
512 2042 566 2083 nos
588 2024 742 2101 particulis
765 2025 946 2101 copulativis
972 2024 1095 2097 utimur,
1118 2022 1226 2083 Graeci
1248 2023 1301 2082 ad·

179 2126 342 2186 versativis.
386 2125 434 2186 Sic
457 2119 501 2182 Vl
517 2129 601 2203 55,3
624 2145 679 2203 per
701 2118 763 2203 μέν
791 2130 821 2185 ct
843 2119 880 2184 δέ
902 2125 979 2185 duae
1001 2124 1209 2200 significantur
1231 2143 1300 2184 con·

178 2229 311 2287 diciones
325 2227 452 2308 'minime
475 2229 657 2306 contrariae,
688 2229 740 2288 sed
763 2246 888 2305 quarum
911 2227 1034 2288 alteram
1062 2226 1185 2287 alteram
1215 2227 1300 2302 sequi

180 2347 302 2389 necesse
327 2334 379 2389 est
424 2328 536 2389 Crebro
560 2331 646 2390 otiam
669 2331 817 2408 obJeotum
839 2331 889 2390 ucl
905 2331 993 2388 aliam
1017 2329 1164 2390 enuntiati
1185 2333 1300 2407 partem

102 2501 105 2506 ,
179 2431 364 2491 insecundo
389 2432 523 2492 membro
548 2432 729 2492 contrarium
752 2451 837 2492 suum
862 2431 1010 2510 sequitur,
1039 2432 1203 2492 sententiae
1225 2450 1298 2490 vero

180 2552 239 2592 non
263 2535 418 2610 oppositae
441 2539 524 2610 suut,
552 2528 611 2592 Vll
632 2538 660 2607 5,
676 2539 708 2595 4:
736 2529 945 2594 διανοεῖσθαι
967 2519 1078 2604 οὕτως
1108 2521 1153 2603 ὡς
1179 2529 1220 2610 τῇ
1239 2525 1301 2609 μὲν

178 2633 372 2712 παρασκευῇ
395 2621 460 2694 οὐκ
479 2628 623 2696 ἔλασσον
645 2627 791 2713 ἕξοντας,
811 2635 853 2714 τῇ
876 2631 911 2696 δὲ
933 2626 1048 2716 γνώμῃ
1072 2622 1133 2695 οὐκ
1156 2625 1301 2695 άνεκτόν

180 2729 339 2817 ἐσόμενον
361 2757 440 2815 xta,
465 2735 508 2799 IV
526 2747 574 2817 17,
591 2748 622 2803 2:
653 2733 765 2820 ’έχουσι
790 2734 852 2820 μὲν
879 2723 927 2799 ὦν
959 2747 1124 2818 κρατεῖτε,
1156 2738 1301 2818 προσλα-

180 2841 277 2915 βοῦσι
301 2838 337 2903 δὲ
352 2832 452 2922 τιμὴν
465 2840 522 2902 καὶ
544 2831 656 2919 δόξαν,
679 2845 715 2906 cf.
738 2840 840 2920 1138,
856 2850 884 2906 3.
928 2843 1054 2905 Omnino
1078 2844 1115 2903 de
1131 2844 1301 2921 copulativo

180 2937 394 3007 sententiarum
418 2966 495 3006 nexu
520 2946 649 3007 dubitari
674 2967 733 3008 non
756 2952 863 3024 potest,
886 2948 934 3007 ubi
951 2945 1114 3007 secundum
1137 2947 1300 3006 membrum

181 3048 295 3124 aliquid
326 3048 410 3108 addit
437 3049 518 3126 quod
550 3050 749 3109 necessarium
775 3051 883 3126 prioris
912 3050 1150 3125 supplementum
1181 3056 1227 3109 est
1252 3049 1301 3107 vel

180 3152 304 3210 alteram
335 3151 467 3227 ejusdem
492 3154 535 3212 roi
566 3156 679 3229 partem
705 3154 849 3229 continet,
879 3152 1023 3228 imprimis
1053 3152 1078 3210 si
1108 3151 1190 3228 prius
1213 3168 1300 3209 mem-

103 3311 108 3322 ,
183 3254 267 3313 brum
292 3254 461 3330 negativum
486 3259 539 3331 est,
561 3257 602 3314 ita
624 3249 668 3312 IV
686 3259 738 3316 57:
767 3247 800 3313 οἱ
828 3247 1005 3333 Αἰγινῆται
1026 3244 1067 3312 τὸ
1095 3246 1156 3331 μὲν
1185 3245 1240 3310 ἐπὶ
1261 3249 1303 3328 τῇ

181 3345 334 3432 θαλάσσῃ
362 3361 469 3433 τεῖχος
501 3349 730 3429 ἐκλείπουσιν,
763 3350 795 3428 ἐς
823 3350 858 3415 δὲ
890 3347 952 3437 τὴν
981 3342 1054 3415 ἅνω
1084 3346 1186 3414 πόλιν
1216 3346 1253 3412 ἐν
1289 3336 1300 3364 ²

181 3445 297 3537 ᾤκουν
312 3443 542 3538 ἀπεχώρησαν,
561 3453 584 3517 V
598 3464 651 3521 44:
674 3446 852 3538 οἱΆργεῑοι
867 3457 939 3518 τῶν
953 3453 1014 3536 μὲν
1025 3451 1062 3519 ἐν
1077 3450 1302 3535 Λακεδαίμονι

181 3555 355 3639 πρέσβεων
384 3547 547 3639 ἠμέλουν,
578 3553 662 3640 πρὸς
686 3558 721 3621 δὲ
747 3548 827 3632 τούς
852 3548 1048 3642 Ἀθηναίους
1077 3558 1208 3639 μᾶλλον
1237 3547 1301 3638 τήν

183 3652 322 3742 γνώμην,
347 3652 452 3740 εἶχον,
482 3665 520 3724 of.
546 3658 736 3741 villaco,
766 3666 877 3740 quibus
911 3663 1054 3740 exemplis
1083 3665 1300 3741 oppositionem

183 3766 301 3842 quidem
329 3768 438 3844 objecti
466 3769 562 3827 inesse
586 3773 724 3844 apparet,
753 3766 806 3826 sed
831 3785 884 3827 nos
913 3771 1012 3826 tamen
1041 3765 1302 3842 conjunctionibus

183 3869 360 3944 copulativis
383 3868 445 3928 lere
469 3868 586 3929 utimur.
630 3870 703 3927 Item
728 3868 777 3928 ubi
801 3871 881 3944 prius
905 3870 1067 3933 membrum
1091 3867 1300 3927 affirmativum

184 3977 241 4031 est:
266 3965 409 4043 1159,u:
439 3966 495 4029 καὶ
521 3957 584 4030 τόν
606 3964 666 4049 μὲν
689 3965 852 4050 Περικλέα
880 3962 917 4028 ἓν
931 3964 1027 4051 ,αἰτίᾳ
1049 3959 1140 4048 εἶχον
1162 3954 1208 4041 ὥς
1230 3964 1300 4029 τιεί-

183 4084 287 4132 σαντα
302 4101 354 4146 ·-,
377 4064 462 4151 πρὸς
486 4068 520 4133 δὲ
542 4063 620 4144 τοὺς
635 4067 919 4150 Λακεδαιμονίους
935 4059 1092 4152 ὥρμηντο
1108 4073 1302 4151 ξυγχωρεῖν,

184 4177 220 4241 ol.
245 4171 395 4255 V189‚2.
424 4172 470 4236 lll
489 4181 537 4250 62,
553 4181 581 4239 4.
635 4178 731 4238 Etiam
762 4179 791 4238 in
818 4176 942 4255 simplici
971 4177 1142 4238 narratione
1172 4177 1220 4239 ubi
1252 4194 1301 4237 res
