2842 4620
1235 210 1312 297 'ns'

73 398 75 407 ’
145 410 331 484 suffeoisset:
354 404 404 487 τοῦ
421 400 456 467 δὲ
472 396 557 485 ἔργῳ
572 422 667 475 τινας
685 399 742 464 καί
758 436 808 466 -.
837 400 881 464 VI
900 410 969 482 101,
985 411 1003 467 3
1019 405 1128 466 oblitus
1147 407 1278 484 scriptor
1313 488 1315 492 Ι

146 511 235 572 vorbi
256 512 391 610 regentis
406 510 562 588 participio
587 527 698 568 novum
720 509 802 569 verb.
818 507 868 570 fin.
883 509 1074 587 aggregavit:
1096 500 1278 588 ἐπιχειροῦ-

147 623 205 674 σιν
237 611 337 684 αὖθις
367 642 408 653 -
434 602 495 683 τὰς
526 605 587 690 μὲν
618 608 701 681 ναῦς
732 600 947 681 κελεύσαντες
978 608 1196 689 περιπλεῦσαι
1225 642 1278 685 -,

73 754 75 769 ι
147 702 250 776 αὐτοὶ
273 709 308 776 δὲ
331 705 539 789 καταβάντες
561 707 594 784 ἐς
616 703 655 776 τὸ
679 701 809 792 ὁμαλὸν
829 745 872 755 -
895 705 1058 794 αἱροῦσιν,
1090 714 1128 774 of.
1151 709 1212 772 VII
1228 719 1277 776 50.

146 821 311 880 Praeterea
335 838 372 878 ex
394 817 553 896 participio
580 817 627 876 ad·
642 817 726 876 verb,
749 817 798 877 fin.
820 818 966 878 transitur
988 812 1069 895 149,
1086 822 1113 899 7.
1135 812 1168 875 II
1184 821 1234 892 97,
1249 822 1278 878 4.

146 917 265 996 mer,
284 926 310 982 1.
336 925 406 998 107,
421 901 450 980 4.
480 914 526 979 IV
542 924 570 981 6.
594 924 642 993 63,
658 923 687 980 4.
710 924 768 997 ,7-2,
785 924 811 980 1.
862 919 975 981 Contra
1006 921 1070 980 sine
1100 920 1277 981 necessitate

145 1018 416 1102 Krneg..154,2
449 1023 566 1082 delens¹
582 1022 675 1083 verba
704 1012 845 1102 ἔστησαν
870 1027 1037 1099 τροπαῖον
1066 1023 1156 1082 talem
1184 1025 1279 1083 trabs·

146 1128 225 1187 itum
251 1125 362 1187 statuit
413 1119 458 1183 IV
480 1129 564 1200 63,4
594 1125 725 1186 Stahlius
753 1123 873 1203 quidem
903 1124 1077 1201 oonjeotura
1099 1143 1153 1184 sna
1181 1129 1278 1185 strue·

146 1233 236 1289 turae
265 1229 464 1289 mutationem
494 1228 598 1304 movit,
628 1227 762 1286 scribens
790 1213 1009 1305 ἀμυνούμεθα
1037 1215 1115 1306 ἥδη·
1138 1211 1278 1307 ἀπιστή-

147 1344 269 1403 σαντες
291 1324 329 1390 δὲ
352 1317 465 1402 ῦλλοις
487 1314 769 1409 ῦπακουσόμενοι.
815 1331 872 1392 Sed
904 1335 1019 1392 mutare
1042 1351 1103 1392 non
1126 1351 1202 1410 opus
1225 1338 1279 1394 est.

147 1438 366 1498 Hermocrates
388 1435 485 1512 enim,
515 1435 587 1511 quia
616 1434 728 1497 nullam
759 1433 975 1494 dubitationem
1005 1435 1178 1511 relinquere
1204 1436 1280 1512 vult,

148 1539 224 1617 quin
253 1527 293 1597 τὸ
324 1523 479 1597 ἀπιστεῖν
501 1537 672 1597 necessario
705 1523 745 1595 τὸ
768 1519 958 1595 ὑπακούειν
981 1536 1191 1619 subsequatur,
1220 1537 1278 1598 hoo

146 1643 247 1720 ipsum
271 1642 301 1700 in
318 1640 506 1701 enuntiatum
524 1639 728 1700 condicionale
751 1638 849 1699 trahit.
888 1641 923 1699 In
943 1639 1048 1700 Stahlii
1062 1658 1134 1700 vero
1150 1641 1279 1701 lectione

148 1744 245 1805 verba
267 1727 310 1803 οῦ
327 1737 429 1822 περὶ,
444 1739 507 1802 τοῦ
529 1739 750 1821 τιμωρεῖσθαι
779 1761 845 1804 non,
864 1742 976 1803 habent
997 1742 1036 1802 ad
1059 1743 1141 1820 qnod
1171 1761 1204 1803 se
1227 1763 1278 1821 ap-

147 1847 270 1924 plioent.
328 1845 430 1923 Atque
459 1846 491 1906 in
522 1845 569 1905 his
599 1844 719 1922 quidem
750 1845 896 1922 exemplis
930 1846 1074 1905 transitus
1109 1849 1279 1906 structurae
1326 1904 1329 1908 ,

147 1949 239 2010 faoile
261 1952 432 2010 excusatur.
476 1947 573 2008 Aliter
595 1966 644 2008 res
666 1967 699 2008 se
722 1948 819 2019 habet,
842 1950 867 2008 si
888 1948 1088 2033 participium-
1104 1967 1163 2013 non
1186 1949 1278 2009 verbo

147 2053 203 2112 fin.
224 2053 314 2112 alioui
344 2051 426 2128 quod
455 2051 610 2127 praeeedit
642 2069 675 2110 se
692 2051 843 2128 applicat,
877 2051 929 2110 sed
962 2055 1013 2111 aut
1042 2051 1132 2128 plane
1162 2071 1218 2129 per
1248 2070 1280 2112 se

147 2157 232 2214 stare
265 2157 317 2213 aut
352 2171 389 2212 ex
422 2152 514 2212 verbo
555 2151 680 2211 seonndi
710 2152 832 2212 membri
864 2152 996 2228 pendere
1025 2152 1153 2212 videtur.
1205 2154 1278 2212 Tale

147 2256 339 2316 enuntiatum
360 2254 503 2314 traditum
527 2257 573 2314 est
589 2248 665 2312 VIII
681 2257 731 2335 80,
746 2259 774 2329 3,
797 2254 847 2314 nbi
863 2254 985 2314 verbum
1002 2240 1161 2331 α’φιστᾶσι
1178 2256 1276 2316 solum

146 2357 190 2418 ad
210 2356 363 2435 posterius
383 2357 548 2417 ,membrum
571 2357 722 2433 pertinere
744 2374 850 2418 sensus
872 2357 974 2432 docet,
1002 2359 1104 2436 itaque
1137 2363 1189 2419 aut
1211 2343 1277 2418 oum

146 2461 247 2522 Class.
268 2461 374 2537 partio.
395 2451 561 2519 ἐλθοῦσαι
583 2459 613 2519 in
636 2445 754 2538 ἦλθον1
771 2460 980 2537 corrigendum
1004 2464 1056 2522 aut
1079 2465 1145 2521 oum
1160 2458 1279 2528 'Stuhlio

145 2564 235 2625 verb.
258 2562 307 2623 fin.
331 2562 530 2641 supplendum
554 2567 608 2623 est
652 2555 711 2621 VII
727 2567 811 2641 27,3
835 2582 907 2623 vero
930 2563 980 2627 ubi
1008 2569 1168 2641 utrumque
1192 2583 1279 2625 mem·

146 2667 238 2727 brum
254 2683 293 2726 ex
308 2649 421 2745 ἐπειδή
437 2664 558 2743 pendet,
580 2657 747 2743 ἕπε-κεῖτο
764 2665 906 2725 etiamad
923 2667 1007 2742 prius
1023 2666 1185 2726 membrum
1202 2667 1280 2726 trahi

145 2772 260 2849 potest,
282 2769 337 2830 etsi
357 2770 470 2845 Krueg.
492 2771 575 2828 reete
598 2767 670 2827 dioit
692 2774 754 2828 tum
777 2769 807 2827 in
830 2768 963 2829 seeundo
987 2770 1119 2830 membro
1142 2770 1279 2847 partioip

144 2873 237 2934 velut
258 2865 463 2951 κατεχομένη
480 2871 666 2949 respondens
680 2871 883 2949 τειχισθεῑσα
903 2872 1077 2933 desiderari.
1120 2873 1279 2951 Disorepat

145 2970 239 3053 136,
255 2980 287 3053 3,
317 2973 490 3035 nbizverba
517 2967 594 3052 τρία
623 2967 686 3052 μὲν
712 2961 795 3032 ὄντα
825 2963 930 3056 λόγον
961 2960 1037 3050 ἄξια
1066 3005 1108 3015 -
1138 2962 1279 3040 ναυτικά

145 3098 165 3139 e
187 3066 335 3157 μάθοιτε
358 3076 492 3154 pendere
518 3095 643 3154 prorsus
666 3097 726 3139 non
749 3083 889 3154 possunt,
920 3078 1062 3138 sedeam
1086 3064 1169 3137 ὄντα
1191 3079 1279 3139 modo

145 3181 188 3241 ad
212 3169 319 3258 λόγον
348 3167 610 3257 bigrapertineat',
640 3181 705 3240 sine
736 3179 912 3241 difficultate
941 3182 1101 3258 suppletur
1131 3173 1217 3255 ἐστί,
1249 3187 1280 3241 ut

145 3288 234 3344 reete
256 3284 371 3344 monuit
393 3282 525 3343 Stahlius
547 3284 576 3342 in
599 3283 699 3342 annal.
722 3283 824 3360 philol.
848 3287 939 3360 1863,
961 3303 990 3362 p.
1005 3288 1076 3346 467.

238 3387 285 3446 Ex
314 3389 413 3463 genet
445 3387 507 3446 abs.
537 3386 644 3463 partie.
673 3385 711 3445 ad
743 3386 825 3448 verb.
854 3386 905 3447 fin.
934 3390 1078 3448 transitur
1108 3382 1170 3447 VII
1187 3392 1236 3466 13,
1251 3392 1278 3448 2.

150 3495 203 3563 15,
219 3494 251 3563 2,
282 3494 443 3568 praeterea
466 3489 639 3550 difficillimo
671 3490 738 3550 looo
770 3484 898 3569 Vliet,
916 3496 947 3552 1:
978 3493 1024 3551 Ex
1055 3510 1179 3571 numero
1209 3511 1278 3552 oon·

143 3593 336 3669 jeeturarum
360 3609 436 3668 quas
459 3591 551 3652 Class.
575 3590 701 3669 profert,
723 3597 756 3652 ut
778 3610 814 3652 ex
836 3597 936 3670 genet.
959 3583 1109 3671 ἑτοίμων
1132 3593 1214 3654 verb.
1230 3592 1280 3653 fin.

147 3693 212 3766 fiat,
234 3694 317 3754 nulla
339 3694 501 3770 probabilis
524 3698 577 3754 est.
615 3694 702 3767 *Quid
725 3696 817 3773 enim,
846 3714 898 3757 seu
927 3685 1077 3772 ἐτόλμων
1100 3714 1153 3755 seu
1176 3678 1279 3772 ἕτοιμ’

148 3782 195 3875 ἦν
218 3796 360 3874 legimus,
393 3799 455 3857 tum
486 3796 586 3874 genet.
608 3785 756 3874 ἑχόντων
784 3799 843 3857 sibi
874 3797 959 3857 vult?
995 3798 1069 3857 Mihi
1095 3797 1280 3858 maximeea

150 3900 316 3978 explicatio⁴
335 3900 490 3978 probatur,
518 3918 598 3977 quae
620 3899 658 3959 ad
682 3893 945 3980 πολεμουμένων
964 3892 1000 3959 δέ
1015 3919 1051 3960 ex
1066 3902 1174 3977 priore·
1190 3920 1279 3980 nega·

149 4005 214 4064 tivo
243 4004 375 4063 membro
406 4002 490 4062 audit
518 3991 689 4079 πρόφασιν
716 3992 865 4079 ἐχόντων
895 3995 952 4060 καὶ
984 3991 1129 4080 ἑτοίμων
1150 3988 1280 4077 ὄντων,
1342 4004 1344 4008 ”

150 4123 333 4183 quamquam
357 4105 524 4186 etiamflhoo
547 4104 676 4165 duritate
698 4105 826 4181 quadam
850 4103 910 4165 non
927 4109 1023 4165 earet.
1068 4106 1190 4168 Minime
1208 4126 1279 4168 vero
1347 4168 1351 4176 ,

151 4209 267 4271 Stahlio
284 4208 422 4270 assentiri
435 4193 568 4285 possum,
590 4209 640 4285 qui
655 4201 716 4285 μέν
731 4211 762 4267 et
778 4201 814 4267 δέ
829 4208 859 4273 iu
876 4208 1041 4269 eontinenti
1057 4211 1279 4272 construetione
