2842 4620
1233 218 1271 274 51

153 415 196 424 -
206 377 380 443 πυθέσθαι
390 395 439 424 -·
456 367 598 461 αλλόύχ
609 366 702 460 ὑμεῖς
711 399 757 460 γε,
771 361 909 461 ἕγοογέὖ
921 371 1009 442 oica:
1022 383 1074 443 sed
1085 384 1134 442 hic
1143 367 1235 462 ὑμεῖς
1246 389 1276 445 21

154 471 253 545 αὐτοὶ
266 488 403 564 opposita
413 490 490 546 sunt.
513 486 612 546 Verba
623 490 722 545 autem
731 479 809 564 περὶ
819 479 882 562 μὲν
892 465 954 544 οὖν
966 475 1099 545 τούτων
1110 504 1215 547 222222
1227 506 1286 547 ex·-

153 589 305 665 oipiuntor
318 589 376 648 his:
388 584 494 647 ταῦτα
506 582 567 666 μὲν
579 566 643 646 οὖν
653 580 746 665 μέχρι
757 576 899 645 τούτου·
911 581 987 665 περὶ
1000 581 1037 646 δέ
1046 604 1112 646 xta.
1136 586 1277 648 Similiter

154 692 232 751 v25
249 692 343 751 verba
357 687 498 769 πρῶτον
512 684 573 768 μέν
593 691 785 766 excipiuntur
800 690 899 751 verbis
917 673 990 748 ἀλλ’
1003 683 1048 760 εἰς
1063 685 1124 768 μὲν
1138 681 1178 750 τὰ
1194 709 1277 771 παρ·

155 788 277 852 αυτὶκα
301 795 449 875 oppositio
473 795 619 870 sequitur:
642 781 757 871 ἐπειδὴ
774 786 818 852 δέ.
851 794 930 869 Vol
955 793 1085 871 denique
1109 782 1200 872 οἶμαι
1214 789 1276 873 μὲν
1337 807 1340 816 “

155 886 216 975 γὰρ
233 880 366 969 οὐδένα,
383 881 470 955 ἀλλὰ
486 891 538 955 del
549 884 699 975 μεγάλην
713 885 777 974 τὴν
793 886 919 975 ἔχθραν
935 879 1109 977 ὖπάρχεινε
1125 898 1174 961 hic
1191 884 1276 957 dard

154 1000 239 1058 utin
263 1000 399 1078 exemplo
421 998 621 1076 Thucydideo
644 1017 736 1076 supra
758 1001 850 1080 allato
873 999 1085 1078 explicandum
1109 1005 1162 1077 est,
1185 989 1276 1079 οἶμαι

51 1118 53 1122 ·
153 1095 214 1179 μέν
236 1121 309 1162 2222
336 1107 369 1162 21
392 1119 482 1183 saepe
505 1102 585 1179 apud
608 1103 763 1162 Platonem
792 1106 821 1163 et
843 1106 979 1163 oratores
1006 1104 1223 1182 oppositionem
1246 1107 1275 1165 in

134 1205 185 1263 'in
208 1223 241 1264 22
263 1206 328 1282 ipso
352 1206 492 1280 continet,
515 1204 636 1264 scilicet:
660 1205 708 1264 alii
731 1205 810 1265 idem
833 1207 969 1266 sentient.
1010 1208 1055 1267 Ex
1075 1208 1277 1268 Demosthene

155 1307 362 1366 Rehda‘ntrius
390 1326 482 1366 unum
507 1308 676 1385 exemplum
700 1309 793 1368 211221.
838 1309 950 1368 Multus
973 1313 1078 1369 contra
1101 1328 1172 1370 usus
1195 1305 1275 1388 apud

155 1414 272 1487 poetas:
296 1429 332 1470 22
348 1410 502 1487 Aeschylo
519 1410 671 1471 Wellauer
687 1429 747 1484 222,
764 1431 800 1471 22
816 1409 964 1489 Sophocle
980 1412 1149 1473 Ellendtius
1163 1419 1276 1492 septem

156 1515 252 1585 affert,
276 1532 404 1590 quorum
421 1514 451 1572 in
466 1513 560 1573 tribus
585 1497 657 1571 ἀλλ’
674 1499 774 1591 ὅμως,
796 1514 877 1591 apud
894 1514 1066 1592 Euripidem
1090 1517 1119 1575 in
1143 1536 1203 1577 una
1218 1519 1277 1579 He·

83 1611 86 1615 ’
156 1616 233 1673 cuba
253 1616 387 1692 quinque
403 1615 538 1691 exempla
553 1615 669 1675 inveni:
693 1619 764 1676 219.
786 1620 856 1678 382.
881 1620 949 1678 799.
973 1621 1044 1679 825.
1068 1622 1160 1680 1193.
1196 1609 1278 1679 Thu·

155 1717 280 1794 oydides
296 1735 369 1777 vero
392 1718 555 1794 particulas
569 1713 630 1796 μέν
652 1722 682 1777 21
697 1702 782 1776 ἀλλά
804 1738 965 1797 numquam
989 1722 1067 1781 inter
1088 1739 1120 1782 se
1144 1723 1277 1800 opponit

242 1813 369 1880 Μέντοι
393 1825 460 1898 post
478 1814 539 1899 μέν
561 1822 704 1898 imprimis
726 1823 758 1881 in
777 1824 940 1882 enuntiatis
956 1825 1136 1884 concessivis
1158 1825 1278 1885 adhibe·

156 1927 215 1998 tur,
236 1942 263 1982 v.
283 1943 312 2000 p.
330 1927 378 2000 12,
400 1928 558 2000 praeterea
581 1915 696 1982 ἔπειτα
717 1917 833 2003 μέντοι
856 1926 986 2004 111111,
1002 1930 1029 1988 3.
1057 1928 1096 1987 IV
1115 1932 1184 2003 135,
1202 1933 1227 1988 1.
1252 1930 1278 1988 V

155 2030 207 2104 22,
223 2031 250 2088 2.
274 2026 453 2105 2122221.
476 2030 526 2101 22,
542 2031 571 2105 2,
593 2031 623 2087 et
645 2028 753 2105 11122,
771 2033 804 2090 a:
826 2025 867 2104 τη
887 2021 1004 2105 μέντοι
1026 2015 1112 2107 αὐτῇ
1135 2023 1215 2112 ἰδέᾳ.

241 2129 308 2189 Jam
330 2147 404 2190 vero
433 2133 553 2189 exstant
575 2131 725 2207 exempla,
755 2130 805 2190 ubi
829 2135 897 2208 post
916 2125 976 2209 μέν
1002 2151 1058 2211 pro
1086 2133 1278 2194 adversativa

156 2233 305 2310 particula
329 2231 456 2293 12122122
479 2233 659 2309 copulativa
704 2233 793 2307 Quod
816 2236 958 2311 quoniam
972 2237 1194 2314 particularum
1214 2230 1276 2315 μέν

157 2340 187 2394 21
207 2328 245 2393 δέ
266 2337 323 2393 vim
347 2334 547 2412 copulativam
571 2338 778 2414 cognovimus,
806 2355 862 2397 nos
880 2337 942 2416 jam
966 2358 1026 2398 non
1049 2340 1125 2401 adeo
1148 2329 1281 2418 offendit,
1311 2421 1313 2424 y

158 2442 188 2497 et
211 2456 242 2497 re
258 2457 331 2507 vera
352 2438 388 2501 12,
401 2456 472 2498 2222
494 2439 576 2516 apud
600 2459 702 2501 omnes
724 2440 789 2500 lere
812 2442 978 2519 scriptores
1001 2444 1159 2524 invenitur,
1182 2445 1280 2522 impri-

158 2542 212 2600 mis
238 2540 320 2619 apud
343 2544 455 2619 poetas.
500 2543 653 2603 Particula
672 2536 709 2601 τὲ
735 2544 849 2604 22111221
876 2544 957 2604 122111
986 2547 1160 2624 corruptela
1187 2566 1224 2607 22
1245 2541 1282 2605 de‘

159 2645 240 2704 nasci
262 2646 368 2721 potuit,
391 2646 493 2722 itaque
517 2665 597 2705 nune
619 2665 721 2706 omnes
745 2648 950 2719 consentiunt,
973 2649 1023 2707 uhi
1047 2649 1125 2709 duae
1148 2669 1197 2710 res
1220 2670 1279 2711 non

159 2748 338 2827 copulantur·
360 2748 413 2808 sed
434 2753 637 2827 opponuntur,
660 2742 696 2808 δέ
711 2749 925 2810 restituendum
942 2769 1017 2810 esse.
1058 2753 1106 2813 Sic
1128 2752 1208 2829 apud
1230 2754 1281 2813 So-

158 2850 294 2929 phoclem
317 2851 452 2928 plurimis
474 2851 547 2934 locis
569 2851 698 2912 editores
720 2857 926 2927 correxerunt,
947 2871 976 2912 v.
997 2854 1140 2937 Ellerrdtii
1163 2856 1280 2917 lexicon

160 2971 182 3011 2.
203 2972 230 3011 2.
247 2945 318 3031 μέν.
363 2954 502 3030 Thucyd.
523 2955 562 3014 IV
580 2957 629 3032 69,
645 2960 676 3016 3:
706 2948 892 3035 ξυνέβησαν
920 2946 1025 3035 ῥητοῦ
1050 2951 1111 3034 μὲν
1138 2948 1281 3019 ἕκαστον

69 3128 72 3132 Α
149 3039 322 3135 ,ἀργυρίου
353 3040 572 3133 ἀπολυθῆναι
595 3089 646 3131 -,
676 3063 747 3128 τοῖς
773 3077 811 3116 τε
838 3053 1111 3137 Λακεδαιμονίοις
1136 3057 1282 3140 χρῆσθαι

160 3144 358 3239 Ἀθηναίους
380 3177 448 3218 xrs.
470 3150 557 3220 'recte
580 3161 710 3221 correxit
731 3162 836 3239 Poppo
858 3168 930 3231 τοῖς
953 3155 1002 3235 δέ,
1030 3164 1059 3223 12
1082 3165 1282 3226 Lacedaemo·

161 3263 225 3334 aios
248 3263 484 3337 enim-severius
511 3283 599 3340 quam
623 3265 652 3322 in
677 3269 794 3324 ceteros
816 3265 920 3324 hostes
947 3266 1173 3328 consuluerunt.
1216 3270 1281 3329 Nec

141 3364 257 3435 „minus
287 3369 370 3432 certa
399 3364 531 3443 ejusdem
562 3369 608 3426 est
637 3367 784 3426 correctio
815 3356 928 3446 ἐπειδὴ
957 3360 993 3427 de'
1022 3388 1077 3446 pro
1100 3363 1137 3428 τέ
1162 3371 1233 3429 VlIl
1256 3376 1281 3430 1.
1329 3351 1330 3356 ἵ

160 3467 413 3529 Verisimillimum
436 3487 526 3546 porro
550 3474 595 3529 est
617 3468 658 3527 IV
676 3473 731 3547 32,
755 3469 805 3529 ubi
829 3471 999 3548 sagittarios
1022 3473 1163 3532 Lemnios
1192 3478 1283 3551 atque

134 3570 285 3637 ‚Imbrios
311 3589 329 3628 a
356 3570 468 3631 (ileone
495 3561 641 3631 adductos
669 3589 735 3632 2222
762 3571 823 3646 (28,
843 3571 876 3646 4)
904 3592 940 3633 22
969 3579 1110 3653 22212212
1142 3575 1283 3636 orationis

160 3676 301 3751 apparet,
332 3691 399 3732 cum
427 3674 540 3750 Krueg.
563 3663 699 3750 τοξόται
723 3667 759 3733 δέ
786 3676 976 3736 scribendum
1003 3694 1075 3736 esse.
1120 3679 1188 3737 Duo
1211 3696 1282 3756 sero

148 3776 308 3853 ,22211221
337 3777 445 3853 quibus
466 3770 504 3836 τέ
525 3797 584 3838 non
609 3779 746 3850 offendit3
776 3799 836 3855 qua
858 3781 1009 3858 particula
1035 3781 1112 3841 bene
1135 3782 1283 3857 significa·
1332 3762 1335 3769 ⁵

160 3884 215 3952 122
232 3899 291 3940 222
315 3898 403 3940 unam
426 3899 492 3942 esse
515 3901 585 3955 rem,
610 3881 663 3942 sed
687 3882 773 3942 aliam
797 3882 1115 3960 accedere,ll‘10,2:
1138 3866 1284 3962 ὁρῶντες

159 3976 220 4062 μὲν
242 4015 285 4024 -
301 3967 522 4069 ’ἅνηλοοκοίας
548 4001 585 4043 τε
611 3971 689 4065 ἥδη,
721 3986 834 4062 1Π46,
856 3990 888 4046 2:
922 3971 1060 4063 ἄμεινον
1085 3981 1148 4059 μὲν
1172 3975 1193 4068 ἢ
1220 3986 1284 4049 νῦν

161 4075 494 4164 παρασκευάσασθαι,
508 4081 691 4168 πολιορκίᾳ
706 4104 741 4145 τε
755 4088 1018 4166 παρατενεῑοθαι
1034 4082 1067 4162 ἐς
1082 4077 1284 4170 τοῦσχατονε

160 4181 198 4246 τὲ
220 4190 263 4249 221
278 4189 436 4280 primariae
458 4194 523 4264 2212Ι
538 4209 570 4250 22
586 4190 726 4267 applicat.
763 4184 887 4251 Scilicet
898 4192 922 4275 si
938 4193 1109 4270 legeremus
1125 4188 1171 4268 δέ,
1197 4215 1284 4257 nemo

1101 4306 1133 4359 4*
