2842 4620
149 223 192 283 44

148 390 300 470 spondere
323 406 408 453 'cum'
426 395 571 472 Poppono
602 412 656 470 pro
685 397 768 454 certo
799 393 909 469 habe03
939 395 1050 471 optime
1079 387 1141 473 μέν
1168 401 1277 457 contra

148 495 361 571 Athenienses,
378 488 428 555 ‘dt
458 500 564 557 contra
586 496 756 558 Corinthios
784 496 1166 576 disceptationemiucipit,
1189 499 1277 558 miniz

148 617 255 674 meque
294 615 417 658 necesse
432 619 434 623 ’
451 602 498 658 εει
533 617 599 658 cum
627 599 740 674 Krueg.
777 599 994 675 oppositionem
1030 600 1169 660 omissam
1206 616 1276 672 esse

117 719 120 726 ·
149 706 270 779 putare,
300 719 378 777 quae
401 700 469 760 talis
491 699 555 760 fere
578 697 786 760 subaudienda
813 704 917 761 essete·
933 720 986 761 eos
1016 720 1122 761 revera
1152 720 1277 779 quoque

148 822 204 863 uos
226 802 353 880 aggredi
382 804 459 863 velle
488 796 617 863 'constat
668 802 720 862 Sin
750 796 849 864 autem
878 808 982 864 nostra
1010 804 1171 880 explicatio
1200 823 1278 864 vera

150 910 206 982 est,
228 908 303 966 mira
319 911 400 967 certe
423 910 468 966 est
485 907 644 966 verborum
667 906 826 967 collocatio
848 925 904 984 pro
919 904 991 964 τῶν
1004 901 1066 984 μὲν
1084 891 1277 986 Ἀθηναίων

104 1065 106 1068 ,
150 997 230 1079 τοὺς
253 996 383 1085 λόγους.
422 1009 564 1068 Fortasse
584 1007 809 1068 Atheniensium
825 1027 934 1068 vanam
949 1008 1161 1085 loquacitatem
1177 1008 1278 1085 magis

73 1191 75 1194 Α
149 1116 183 1171 ut
205 1111 357 1170 molestam
379 1129 515 1186 premere
537 1110 732 1187 vultssimul
748 1110 905 1169 ‘simulans
936 1111 1024 1185 quasi
1054 1109 1156 1170 dicore
1180 1112 1276 1171 ¹velit:

149 1233 209 1274 non
228 1215 291 1291 jam
314 1218 433 1290 tempus
449 1216 495 1272 est
516 1212 666 1289 loquendi,
689 1212 742 1272 sed
759 1213 876 1272 fortiter
892 1212 980 1273 decet
1002 1232 1064 1272 rem
1080 1214 1215 1290 aggredi.
1231 1245 1277 1254 —-

114 1385 117 1391 Ι
149 1311 191 1376 Aa*
213 1336 231 1377 a
254 1319 344 1376 verbo
377 1317 514 1392 opposito
541 1315 644 1375 abesse
666 1315 785 1375 videtur
807 1310 852 1374 IV
868 1319 898 1393 4,
913 1320 945 1376 2:
976 1304 1107 1394 σιδήρια
1133 1308 1195 1393 μὲν
1227 1313 1277 1374 λι-

148 1409 282 1497 θουργὰ
304 1403 367 1478 οὐκ
391 1410 532 1497 ἔχοντες,
564 1407 711 1496 λογάδην
734 1411 770 1477 δὲ
792 1410 952 1496 φέροντες
973 1412 1109 1490 λίθους,
1137 1418 1275 1480 similiter

148 1518 245 1598 1175,
261 1527 288 1583 a.

233 1627 387 1685 Hactenus
409 1624 447 1684 de
468 1624 625 1701 particulis
647 1617 709 1703 μέν
723 1627 753 1686 et
769 1616 806 1683 δέ
820 1624 920 1684 verbis
943 1643 1003 1684 non
1019 1624 1276 1702 respondentibus

149 1728 267 1788 additis.
284 1753 286 1758 ·
305 1728 398 1806 Cujus
413 1728 455 1787 rei
472 1729 609 1802 quamvis
624 1728 719 1786 multa
735 1728 874 1804 exempla
895 1730 1023 1805 exstant,
1044 1730 1142 1788 tamen
1160 1747 1275 1805 nequa·

151 1849 239 1907 quam
263 1830 422 1890 dicendum
439 1835 484 1890 est
507 1829 733 1890 collocationem
750 1831 873 1890 liberam
896 1830 1033 1903 asscita
1055 1835 1089 1889 nt
1110 1831 1275 1906 particulae

149 1952 210 1993 uon
233 1934 351 2010 singula
367 1932 467 2006 verba,
490 1931 543 1992 sed
567 1937 629 1991 tota
644 1933 801 1992 enuntiata
819 1933 875 1993 sibi
892 1936 1055 2009 opponant.
1100 1931 1188 2006 Quod
1211 1952 1274 1994 non

149 2038 254 2096 verum
284 2055 350 2097 esse
381 2055 416 2096 ea
450 2055 482 2096 re
512 2054 557 2094 me
589 2035 839 2095 demonstravisse
869 2038 942 2112 puto
972 2034 1054 2111 quod
1084 2036 1115 2095 in
1145 2035 1274 2110 singulis

148 2139 296 2216 exemplis
319 2157 425 2199 causas
448 2139 613 2199 anomaliae
637 2136 738 2214 quoad
762 2138 845 2215 potui
867 2137 1017 2214 indagavi.

679 2338 736 2404 IX.

233 2464 298 2523 Jam
330 2463 368 2523 de
389 2465 449 2523 alia
479 2464 675 2523 membrorum
705 2462 943 2522 dissimilitudine
974 2462 1187 2540 disputandum
1217 2471 1273 2540 est,

151 2566 265 2626 scilicet
288 2564 325 2624 de
349 2565 579 2624 constructionis
608 2566 639 2623 iu
666 2565 832 2642 posteriore
863 2565 993 2624 membro
1024 2563 1272 2638 mutationibus¹l

148 2667 236 2742 Quod
259 2667 432 2744 saepissime
462 2687 478 2726 e
510 2667 660 2743 pendente
682 2670 834 2726 structura
863 2667 989 2726 solvitur
1019 2672 1050 2727 et
1071 2648 1193 2727 verbum
1219 2667 1268 2726 fin.

146 2771 264 2847 accipit.
310 2770 413 2844 Qualis
435 2771 579 2829 transitus
610 2770 753 2847 imprimis
783 2787 819 2838 ex
850 2770 1009 2846 participio
1032 2771 1184 2830 sollemnis
1215 2773 1267 2840 est,

147 2872 228 2949 quod
253 2891 312 2932 non
345 2872 420 2932 adeo
444 2873 550 2931 mirum
574 2877 633 2945 est,
664 2870 803 2948 qnoniam
834 2871 922 2948 plura
950 2872 1108 2948 participia
1131 2871 1270 2946 deinceps

146 2976 303 3050 sequentia
326 2974 413 3033 facilc
441 2974 556 3051 aliquid
580 2974 646 3033 duri
678 2973 788 3033 habere
811 2973 967 3051 videntur,
997 2992 1095 3050 neque
1126 2978 1268 3033 anostro

148 3095 238 3137 seusu
255 3076 341 3136 nimis
356 3076 486 3135 alienum
501 3080 554 3135 est.
599 3075 742 3136 conferas
757 3070 790 3134 ΙΙ
806 3079 855 3148 47,
872 3081 904 3137 3:
927 3058 947 3155 ἡ
965 3064 1063 3146 νόσος
1078 3064 1203 3154 ἤρξατο
1220 3106 1272 3153 -,

149 3168 334 3256 λεγόμενον
355 3171 416 3256 μὲν
445 3173 501 3236 καὶ
529 3210 570 3218 -
602 3171 869 3257 ἐγκατασκῆψαι,
900 3163 942 3237 οὐ
970 3172 1087 3256 μέντοι
1107 3168 1272 3250 τοσοῦτός

151 3299 187 3360 γε
210 3271 325 3360 λοιμὸς
342 3271 640 3362 -ἐμνημονεύετο
656 3312 705 3339 -.
753 3283 820 3357 Qua
842 3284 871 3342 in
896 3300 928 3342 re
952 3300 1175 3358 nonnumquam
1199 3281 1272 3341 verb

146 3386 218 3444 finit.
236 3386 360 3445 secundi
377 3386 498 3446 membri
519 3385 558 3444 ad
581 3385 611 3445 id
635 3386 758 3445 verbum
781 3388 828 3445 oui
843 3385 949 3462 partic.
963 3402 995 3445 se
1018 3385 1159 3461 applicat,
1182 3383 1269 3455 redit,

147 3498 179 3549 ut
202 3483 245 3546 VI
263 3484 374 3563 30l31:
405 3483 591 3567 ξυγκατέβη
621 3482 657 3548 δὲ
686 3483 742 3547 καὶ
773 3473 792 3548 ὁ
817 3474 919 3558 ἄλλος
942 3473 1056 3566 ὅμιλος
1078 3519 1134 3560 -,
1157 3477 1272 3565 οἱμὲν

146 3582 319 3671 ἐπιχώριοι
341 3625 384 3634 -
404 3586 672 3671 προπέμποντες,
695 3584 728 3651 oi
751 3586 787 3651 di
809 3586 957 3668 ξένοι-
972 3581 1058 3650 κατὰ
1080 3585 1167 3650 θέαν
1187 3571 1270 3668 ἧκεν

148 3716 203 3773 pro
235 3691 408 3775 θέοιμενος
441 3696 629 3756 redundante
665 3679 763 3770 ἧκεν,
794 3701 823 3756 et
853 3695 1070 3773 significantius
1101 3690 1150 3754 [II
1172 3688 1269 3771 81,4':

149 3788 323 3873 ἐφόνευον,
345 3786 408 3880 τὴν
429 3793 491 3878 μὲν
506 3792 618 3858 αἰτίαν
633 3790 849 3876 ἐπιφέροντες
870 3795 942 3868 τοις
964 3786 1026 3857 τὸν
1043 3792 1152 3877 δῆμον
1173 3814 1271 3858 κατα-

149 3891 282 3973 λύουσι,
314 3887 492 3960 οἷπέθανον
515 3895 552 3960 δέ
572 3917 661 3972 τινες
682 3894 739 3960 καὶ
761 3895 846 3970 ἰδίας
869 3890 990 3979 ἔχθρας
1013 3891 1120 3960 ἕνεκα.
1166 3900 1271 3961 Serrani

234 4120 258 4183 ¹)
275 4117 318 4171 De
336 4117 511 4173 anacolutbis
529 4117 605 4186 apud
618 4116 746 4188 Thucyd.
759 4115 790 4170 in
808 4115 968 4172 universum
986 4115 1157 4188 amplissime
1175 4116 1270 4186 dispu-

149 4203 221 4258 tavit
239 4202 392 4273 Kampfner
409 4203 438 4258 iu
457 4203 524 4259 diss.
544 4203 661 4257 Monast.
682 4206 754 4264 1869.
