2842 4620
1231 234 1271 291 3⁷

144 395 224 460 VIII
240 403 334 480 8973,
357 400 465 477 aojcot.
487 401 685 478 postpositum
709 405 754 461 est
777 395 823 460 VI
838 404 888 474 54,
903 406 939 462 4:
962 392 998 460 ἐν
1013 389 1132 480 τρόπῳ
1147 393 1183 459 δέ
1203 416 1272 459 τινι

147 490 277 580 ἀφανεῖ.

185 635 186 639 ’
232 605 291 668 Sed
315 607 482 683 exploratio
496 605 547 671 ,de
570 605 784 683 particularum
808 607 1006 668 collocatione
1037 607 1156 667 minime
1186 607 1270 667 abso·

145 709 211 770 luta
234 713 289 769 est.
331 709 396 771 Jam
420 711 495 769 euim
520 709 657 786 quaestio
679 710 765 769 nobis
795 709 940 770 ordienda
963 714 1008 770 est
1039 709 1212 770 difficillima
1241 714 1272 769 et

145 812 303 889 hueusque
326 830 386 872 non
409 813 481 872 satis
503 814 639 886 tractata,
663 831 751 889 quam
774 812 929 873 instituere
951 816 1051 874 tamen
1074 813 1112 873 ad
1135 820 1271 873 naturam

145 914 362 993 particularum
392 919 473 975 recte
505 914 745 990 cognoscendam
774 933 900 992 prorsus
930 934 1007 994 opus
1038 920 1091 976 est.
1143 919 1177 976 ln
1206 921 1272 977 arta

145 1018 225 1078 euim
258 1017 413 1094 utriusque
448 1018 612 1094 particulae
640 1018 835 1093 'copulatione
868 1022 960 1095 atque
989 1019 1136 1078 relatione
1165 1020 1271 1078 mirum

144 1118 242 1180 videri
266 1122 366 1197 potest
391 1125 451 1179 tam
481 1138 570 1196 saepe
593 1119 758 1197 particulas
788 1139 848 1180 non
876 1120 903 1181 ei
926 1122 1019 1181 verbo
1050 1121 1168 1181 additas
1196 1139 1272 1197 esse,

145 1223 186 1282 ad
219 1222 301 1300 quod
335 1224 488 1299 pertinere
518 1241 570 1282 eas
608 1224 756 1282 sententia
793 1224 894 1283 docet:
935 1229 1034 1284 tamen
1072 1243 1271 1302 unaquaeque

145 1327 259 1403 pagina
290 1325 364 1385 talia
387 1326 524 1403 exempla
551 1325 682 1402 praebet.
734 1327 830 1400 Quam
861 1345 924 1388 rem
953 1327 1085 1387 breviter
1112 1327 1271 1388 admodum

144 1435 275 1506 tangens
297 1430 439 1506 Hartung
466 1422 574 1490 11415
603 1430 766 1506 particulas
796 1431 834 1489 ad
859 1435 957 1490 ‘totum
988 1429 1194 1507 praedicatum
1222 1431 1271 1491 vel

145 1532 333 1591 enuntiatum
365 1532 516 1607 pertinere
547 1531 628 1590 dicit.
677 1530 765 1605 Quod
798 1551 857 1592 non
894 1531 937 1593 ita
972 1549 1037 1593 esse
1067 1531 1272 1593 demonstrare

145 1622 288 1695 stud'ebo:
319 1638 379 1693 tam
412 1638 476 1694 arte
504 1635 581 1694 enim
613 1634 680 1693 illae
702 1653 745 1694 ‘se
772 1634 935 1713 applicant,
962 1639 996 1696 ut
1027 1637 1051 1695 si
1080 1636 1180 1696 verbis
1210 1654 1270 1696 non

144 1736 399 1814 respondentibus
431 1736 550 1796 additae
587 1740 669 1808 sunt,
705 1741 806 1796 certae
844 1755 954 1798 causae
990 1737 1118 1798 inveniri
1148 1738 1271 1815 possint

145 1841 230 1916 Quas
252 1841 352 1917 quoad
368 1857 493 1916 possum
513 1839 657 1917 detegere
679 1845 709 1900 et
724 1842 864 1919 exempla
885 1842 950 1918 ipsa
965 1861 1020 1919 per
1042 1843 1154 1902 classes
1171 1841 1270 1902 distri-

144 1945 238 2004 buere
262 1949 358 2003 meum
381 1947 436 2002 est.
479 1961 480 1965 ¹

232 2046 273 2105 Ut
295 2045 550 2123 asimplicissimis
572 2047 662 2105 rebus
684 2045 844 2123 ordiamur,
870 2045 900 2104 id
921 2045 1040 2123 quidem
1057 2065 1116 2106 non
1140 2046 1272 2107 offendet

145 2152 177 2209 et
199 2147 250 2207 vix
272 2148 332 2207 hnc
354 2145 533 2207 trahendum
558 2151 616 2224 est,
647 2147 728 2224 qnod
751 2165 841 2223 saepe
862 2140 930 2225 ’μέν
951 2152 981 2208 et
1004 2141 1040 2207 δέ
1068 2150 1147 2208 int-er
1177 2149 1270 2209 verba

146 2252 294 2313 collocata
316 2254 386 2311 suut
408 2270 486 2328 quae
509 2270 598 2311 unam
622 2252 774 2311 notionem
797 2251 931 2312 efficiunt
959 2252 1061 2329 itaque
1083 2270 1149 2312 cum
1172 2252 1265 2314 verbo

145 2357 286 2433 opposito
308 2360 483 2433 comparata
509 2354 639 2431 speciem
663 2355 816 2431 quandam
839 2354 1087 2415 dissimilitudinis
1113 2356 1265 2433 praebent

145 2459 325 2535 plerumque
341 2462 440 2518 autem
463 2462 525 2518 tum
541 2458 690 2534 particula
710 2462 779 2535 post
801 2456 830 2516 id
847 2457 970 2525 verbum
992 2459 1091 2536 posita
1113 2462 1166 2535 est,
1190 2458 1272 2536 quod

145 2561 354 2639 gravissImum
379 2564 532 2620 accentum
558 2560 654 2620 habet.
698 2563 744 2620 lta
759 2560 792 2620 fit
808 2565 840 2620 ut
862 2578 953 2638 saepe
967 2561 997 2619 in
1021 2560 1115 2621 altero
1138 2562 1270 2622 membro

145 2663 295 2741 particula
310 2680 375 2722 cum
392 2662 494 2734 vendo,
517 2663 546 2720 in
564 2663 659 2721 altero
675 2681 741 2722 cnm
764 2663 883 2722 nomine
899 2663 1062 2739 conjuncta
1077 2662 1124 2738 sii,
1145 2658 1162 2721 Ι
1179 2668 1227 2735 71,
1239 2668 1271 2725 3:

145 2750 357 2847 ἡσυχαζούσῃ
379 2759 441 2844 μὲν
463 2750 561 2823 πόλει
583 2795 626 2806 -
647 2753 734 2843 πρὸς
755 2755 909 2836 πολλοὺς
931 2758 967 2824 δὲ
988 2750 1272 2844 ἀναγκαζομένοις

146 2863 243 2942 ἰέναι,
269 2869 319 2929 ubi
343 2863 381 2928 δέ
402 2867 553 2945 adjectivo
576 2859 728 2939 πολλούς
743 2856 855 2947 majore
871 2873 996 2928 accentu
1019 2870 1098 2928 elato
1121 2887 1153 2928 se
1176 2868 1272 2947 appli-

147 2978 204 3045 cat,
228 2991 287 3030 nou
312 2972 479 3048 participio.
523 2970 605 3058 Idem
630 2976 701 3031 nota
716 2973 746 3031 iu
769 2963 1072 3048 partic.pev:182:
1097 2956 1189 3029 ὅπλα
1209 2965 1271 3049 μὲν

144 3063 249 3153 μήπω
264 3078 372 3133 κινεῖν
386 3103 429 3114 —
443 3067 588 3149 πέμπειν
604 3067 639 3132 δὲ
654 3068 711 3132 καὶ
726 3066 907 3146 αἰτιᾶσθαι,
931 3073 968 3133 cl.
983 3069 1086 3145 1102,
1103 3079 1131 3136 3.
1148 3067 1174 3131 V
1191 3079 1270 3150 l4‚3

145 3177 327 3255 saepissime,
371 3172 475 3248 1135,
493 3182 524 3238 3:
547 3165 632 3254 ’έχων
655 3169 787 3234 δίαιταν
809 3169 869 3253 μὲν
891 3168 928 3234 ἐν
944 3161 1068 3254 Ἄργει,
1084 3168 1271 3252 ἐπιφοιτῶν

148 3274 265 3340 δὲκαὶ
294 3272 327 3350 ἐς
357 3295 439 3351 κιο,
470 3280 519 3339 ubi
549 3285 744 3356 exspectatur
771 3279 890 3355 quidem
921 3271 1052 3337 δίαιταν
1081 3273 1141 3356 μὲν
1174 3270 1270 3357 ἔχων,

145 3382 200 3442 sed
242 3400 309 3441 cum
355 3380 519 3442 secuudum
558 3382 720 3441 membrum
764 3380 895 3441 nondum
937 3381 967 3440 in
1009 3387 1108 3442 mente
1148 3382 1272 3441 haberet

147 3487 287 3562 scriptor,
310 3473 395 3561 ἔχων
414 3485 597 3560 anteposuit.
640 3485 689 3542 rit
704 3482 824 3560 quidem
845 3484 932 3543 etiam
952 3487 986 3543 ut
999 3484 1148 3560 particula
1166 3483 1272 3542 leviori

147 3588 241 3648 verbo
264 3606 295 3647 se
317 3587 462 3664 applicet,
484 3582 580 3665 1154,
597 3592 629 3648 3:
660 3579 790 3663 ἐγένετο
812 3579 874 3664 μὲν
896 3571 960 3647 οὖν
982 3578 1050 3663 ἔρις
1078 3617 1120 3626 -
1142 3577 1271 3664 ἐνίκησε

147 3683 193 3764 δέ,
216 3690 254 3751 cf.
277 3686 324 3750 III
340 3694 390 3752 87.
413 3694 462 3764 39,
480 3695 507 3750 1.
550 3691 620 3752 Sine
643 3690 734 3750 dubio
757 3686 840 3768 153,
856 3696 873 3752 3
890 3692 927 3750 >in
950 3690 1022 3760 loco,
1045 3690 1096 3765 qui
1112 3689 1271 3749 multorum

142 3795 207 3872 jam
229 3794 353 3869 ingenia
375 3794 502 3864 vexavit,
525 3793 618 3853 verba
640 3790 710 3852 τῶν
733 3787 769 3852 δὲ
789 3786 1009 3871 Κερκυραίων
1030 3781 1070 3850 τὸ
1092 3785 1153 3869 μὲν
1175 3802 1271 3868 στρα-

146 3885 296 3955 τόπεδον
319 3915 406 3955 unam
439 3896 591 3956 notionem
615 3896 766 3973 efficiunt,
795 3901 894 3956 tamen
922 3894 1076 3955 collocatio
1104 3895 1271 3972 particulae

147 3992 209 4076 μέν
231 3998 365 4059 insolens
387 4002 441 4058 est.
485 3999 551 4059 Nisi
574 4017 641 4058 cum
656 3999 772 4075 Krueg.
786 3991 848 4075 μέν
870 3998 970 4058 delere
987 3999 1132 4069 volumus,
1156 3997 1271 4057 Stahlio

147 4100 368 4161 assentiendum
402 4119 467 4160 esse
497 4105 570 4177 puto
598 4094 658 4178 μέν
689 4101 771 4160 nulla
801 4100 858 4159 alia
885 4100 922 4160 de
945 4118 1036 4160 causa
1058 4101 1269 4176 transpositum

146 4221 225 4282 esse,
246 4203 302 4264 uisi
326 4209 360 4263 ut
381 4205 568 4264 emundatum
589 4222 644 4281 per
667 4195 703 4262 δέ
716 4203 755 4263 ad
778 4203 880 4282 priora
895 4204 1015 4266 annecti
1036 4207 1147 4281 posset,
1171 4221 1271 4291 quamj
