2842 4620
147 209 189 267 la

235 377 328 437 Venio
356 376 393 436 ad
421 395 457 438 ea
479 378 616 454 exempla
643 379 693 438 ubi
721 379 901 439 contrarium
929 378 995 455 ejus
1022 378 1104 438 vocis
1135 378 1184 437 oui
1208 370 1273 455 μέν

131 481 316 557 appositum
340 485 385 541 est
400 481 519 541 omnino
541 500 601 542 non
622 499 797 558 expressum
820 486 873 559 est,
895 482 949 542 sed
964 501 1003 542 ex
1018 465 1161 542 contextu
1183 480 1272 541 facile

147 584 335 660 subauditur,
356 578 402 642 IV
420 589 447 661 1,
462 589 495 646 4:
525 569 715 660 δῃώσαντες
746 579 782 644 δὲ
813 577 928 664 οἱμὲν
950 569 1079 664 Λοκρόὶ
1106 581 1156 664 τῷ
1177 579 1271 663 πεζῷ

147 669 381 765 όπεχοόρησαν,
415 678 451 744 αἱ
485 680 521 745 δὲ
557 684 633 765 νῆες
663 677 872 765 ἐφρούρουν,
904 689 953 750 ubi
980 708 1059 766 quae
1088 688 1272 751 antecedunt

147 788 256 848 docent
284 806 378 849 naves
405 789 548 864 imprimis
574 789 831 865 Syracusanorum
860 791 955 850 dietas
983 809 1063 865 esse,
1093 790 1130 851 of.
1153 794 1202 865 25,
1220 795 1269 852 10.

147 885 192 949 VI
208 872 257 969 66,
274 895 305 952 3:
328 891 389 950 scil.
412 883 449 949 ἐκ
473 885 509 950 δὲ
530 880 694 971 Κατάνης,
725 886 867 964 V41‚2:
894 887 930 951 ἐν
958 894 1018 970 μὲν
1048 890 1098 972 τῷ
1126 881 1271 970 παρόντι

147 979 298 1064 σπονδὰς
324 982 532 1071 ποιήσασθαι
560 984 616 1072 ἐτη
649 998 699 1071 50,
726 987 848 1069 ἐξεῖναι
877 989 913 1054 δέ
938 1013 1021 1069 κτε.,
1049 997 1097 1056 ubi
1125 996 1271 1073 intellegi·

147 1114 212 1155 mus
234 1087 271 1154 ἐν
294 1089 329 1154 δὲ
352 1084 465 1174 τούτῳ
487 1092 536 1174 τῷ
555 1084 677 1174 χρόνῳ.
723 1097 819 1156 Etiam
843 1092 875 1154 II
892 1102 996 1175 100‚o
1020 1098 1155 1176 intellegi
1169 1102 1270 1175 potest

146 1179 166 1274 ᾗ
189 1190 224 1255 όέ
245 1187 289 1275 μὴ
310 1192 546 1276 προσπέσοιεν,
575 1193 619 1256 IV
637 1203 685 1270 34,
702 1205 734 1261 3:
767 1186 1033 1278 όποκεκλῃμένοι
1045 1193 1114 1278 ,μὲν
1132 1197 1173 1277 τῇ
1192 1189 1271 1278 όψει

146 1297 209 1359 τοῦ
238 1298 403 1378 προορᾶν,
434 1284 502 1359 ὑπὸ
526 1295 562 1360 δὲ
584 1298 643 1379 τῆς
664 1297 817 1379 μείζονος
839 1283 919 1382 βοῆς
940 1299 1013 1361 τῶν
1033 1297 1207 1381 πολεμίων
1229 1333 1271 1345 -

135 1387 211 1461 ὀὐκ
243 1392 475 1474 ἐσακοόοντες;
508 1408 608 1480 potest
639 1405 765 1480 eogitari
793 1406 889 1464 simile
921 1405 1044 1466 verbum
1077 1405 1205 1466 medium
1238 1411 1271 1467 ut

146 1500 361 1577 κωλυθέντες
383 1499 428 1565 δέ.
474 1500 534 1564 VII
552 1510 635 1583 60‚2
659 1507 696 1566 ad
720 1502 823 1566 τοῦτο
845 1501 906 1586 μὲν
926 1515 1088 1587 φρουρεῖν
1111 1509 1271 1584 intellegas

146 1610 239 1668 altera
261 1614 346 1686 parte
366 1608 509 1685 peditum,
531 1610 669 1686 sequitur
692 1612 783 1670 enim:
805 1594 873 1669 ἀπὸ
889 1604 925 1670 <tt
946 1607 1009 1669 τοῦ
1025 1598 1131 1670 όλλου
1152 1607 1271 1688 πεζοῦ,

146 1711 281 1771 similiter
308 1704 353 1768 lV
370 1714 454 1785 69,3
483 1712 625 1788 suppleas
651 1708 724 1770 τῶν
752 1707 814 1790 μὲν
842 1698 958 1772 όλλοον
976 1712 1171 1790 respondens
1198 1719 1272 1784 τοῖς
1303 1771 1308 1782 ,

83 1862 86 1868 .
147 1805 182 1871 ot
209 1810 291 1872 Λακ.
341 1813 434 1872 Plane
469 1814 507 1872 ad
539 1815 621 1890 prius
653 1817 817 1874 membrum
850 1834 910 1874 non
947 1817 1099 1892 respicere
1130 1814 1271 1876 videntur

146 1917 240 1976 verba
261 1910 306 1975 IV
323 1920 373 1989 32,
390 1920 420 1977 1:
444 1901 509 1995 όμα
525 1909 560 1976 δὲ
576 1913 615 1994 τῇ
631 1907 676 1996 ἐῳ
692 1912 747 1976 καὶ
763 1902 782 1977 ὁ
799 1903 902 1988 ἄλλος
917 1902 1059 1994 στρατός
1076 1902 1271 1992 ἀπέβαινονι

71 2096 76 2110 ¹
145 2016 199 2078 sed
221 2018 308 2077 aliter
329 2018 404 2078 haee
427 2037 571 2095 expressa
586 2025 665 2094 sunt,
688 2021 761 2096 quia
783 2020 884 2097 priore
907 2020 1038 2090 membro
1061 2021 1179 2096 longius
1201 2039 1271 2096 pro·

147 2120 238 2181 ducto
265 2123 393 2198 scriptor
417 2122 480 2200 jam
509 2122 618 2182 oblitus
652 2129 697 2183 est
726 2142 803 2200 quae
834 2123 928 2183 verba
960 2127 1050 2182 antea
1076 2122 1188 2182 iecerit
1235 2123 1271 2182 Id

146 2224 227 2300 quod
250 2224 395 2283 sollemne
418 2230 464 2283 est
486 2231 554 2300 post
577 2226 732 2287 enuntiata
754 2227 939 2302 interposita,
969 2225 1078 2301 quibus
1101 2228 1271 2286 structurae

146 2327 270 2385 variatio
294 2327 357 2403 jam
386 2330 566 2402 praeparata
593 2331 650 2399 est,
680 2332 712 2386 ut
732 2322 776 2385 IV
792 2331 843 2403 48,
859 2333 893 2388 1:
916 2321 972 2385 καὶ
1000 2318 1032 2398 ἐς
1058 2321 1121 2405 μέν
1147 2312 1271 2404 ἄνδρας

147 2418 310 2506 ἐξήκοντα
333 2418 461 2487 ἐλαθον
483 2461 525 2468 -
548 2422 818 2506 διαφθείραντες,
845 2418 958 2509 ᾤοντο
982 2417 1044 2508 γὰρ
1068 2415 1193 2501 αὐτούς
1214 2442 1269 2468 -·

147 2514 194 2602 ὥς
217 2523 252 2589 ὁέ
275 2517 441 2608 ᾔσθοντο,
465 2531 515 2591 ubi
544 2534 642 2608 quivis
663 2534 811 2608 intellegit
832 2518 910 2592 τότε
934 2527 970 2592 oa
994 2525 1026 2591 oi
1049 2520 1160 2604 ἄλλοι,
1192 2551 1271 2608 quae

147 2633 273 2693 mutatio
298 2636 452 2694 enuntiato
475 2620 588 2713 ρἰὀντο
604 2653 671 2693 κτε.
695 2636 871 2712 interposito
888 2636 985 2695 minus
1007 2635 1141 2695 offendit.
1184 2633 1270 2694 Simi-

76 2817 80 2825 .
146 2738 213 2798 liter
227 2732 287 2796 Vll
301 2741 379 2814 73‚2
396 2740 509 2798 inserto
525 2732 581 2797 καὶ
597 2727 705 2798 ἐόόκει
729 2756 797 2798 κτε.
827 2740 873 2798 De
888 2733 938 2798 ΠΙ
952 2742 1031 2815 28‚1
1049 2744 1079 2798 et
1095 2732 1155 2795 Vll
1168 2743 1216 2810 57,
1229 2741 1268 2798 10

146 2840 240 2900 ΟΙεεε.
268 2843 345 2900 bene
368 2840 515 2901 disseruit.
565 2841 731 2917 Corruptus
761 2847 807 2901 est
834 2835 974 2918 V82,3:
1001 2830 1063 2910 ἐοος
1090 2834 1151 2918 μὲν
1179 2856 1268 2918 μετε-

146 2936 322 3020 πέμποντο
350 2935 382 3002 oi
405 2939 514 3017 φίλοι,
545 2928 608 3003 οόκ
630 2930 743 3021 ἦλθον
765 2935 803 3001 ἐκ
823 2937 991 3016 πλείονος,
1023 2928 1270 3021 όναβαλόμενοι

31 3107 33 3113 ,
147 3039 182 3105 ot
205 3036 265 3115 τὰς
287 3041 529 3124 γυμνοπαιδίας
546 3032 728 3125 ἐβοήθουν,
752 3048 801 3106 ubi
824 3036 887 3117 ἐαις
900 3039 961 3124 μὲν
977 3050 1007 3106 et
1023 3031 1271 3124 ἀναβαλόμενοι

147 3150 264 3208 minime
291 3151 369 3208 inter
398 3167 430 3208 se
459 3149 641 3226 respondere
667 3167 758 3226 posse
786 3153 922 3226 apertum
955 3152 1014 3226 est,
1046 3155 1205 3226 praeterea
1233 3140 1270 3207 ἐκ

145 3245 304 3322 πλείονος
326 3270 386 3310 non
410 3252 552 3311 convenit
573 3251 665 3311 verbo
688 3237 815 3329 ἦλθον,
844 3271 910 3311 nam
939 3251 1082 3312 Classenii
1107 3252 1268 3328 explicatio

149 3353 249 3426 „nieht
271 3352 324 3412 mit
345 3353 398 3412 der
421 3355 543 3428 notigen
567 3353 649 3413 Eile“
675 3372 800 3431 prorsus
823 3353 899 3412 salsa
922 3358 977 3414 est.
1022 3353 1267 3414 Rauehensteinii

147 3457 349 3535 conjecturam
378 3447 415 3514 ἐκ
442 3450 598 3526 πλείονος
626 3440 911 3534 δ’όναβαλόμενοι
937 3474 1043 3521 sensus
1069 3458 1192 3534 respuit
1236 3459 1269 3516 In

146 3561 259 3638 Gampii
288 3545 351 3618 οόκ
377 3539 504 3637 ἦλθον,
536 3554 602 3617 νῦν
629 3545 657 3619 ‹l'
673 3552 908 3638 ἐκπλαγέντες,
938 3543 1182 3636 ἀναβαλόμενοι
1212 3550 1270 3631 τὰς

146 3679 240 3740 γυμν.
265 3681 331 3722 eum
355 3659 420 3721 νόν
443 3681 501 3722 non
526 3668 627 3739 aptum
652 3667 708 3738 est,
738 3667 799 3722 tum
829 3655 1051 3741 ἐκπλαγέντες
1080 3682 1138 3722 nou
1163 3662 1268 3739 proba-

146 3767 204 3826 bile
219 3768 305 3837 esset,
329 3766 384 3825 nisi
400 3765 629 3825 Lacedaemonii
647 3766 851 3837 tum'demum,
874 3785 939 3825 eum
957 3765 1093 3824 nuntium
1117 3765 1154 3824 de
1169 3785 1269 3826 rerum

146 3868 341 3927 conversione
373 3868 575 3944 accepissent,
608 3867 734 3944 profecti
768 3876 874 3928 essent.
927 3867 1014 3940 Quod
1043 3885 1102 3925 non
1128 3869 1171 3927 ita
1202 3886 1269 3927 esse

146 3969 238 4028 verba
260 3988 337 4045 quae
359 3975 527 4046 sequuntur
550 3970 667 4030 docent.
710 3970 960 4030 VerisImillimum
988 3969 1082 4045 igitur
1108 3975 1155 4030 est
1176 3970 1269 4030 verba

147 4072 293 4148 quaedam
316 4073 426 4132 omissa
449 4091 514 4159 esse
537 4074 600 4133 sive
623 4073 681 4131 alia
703 4073 766 4131 sire
788 4091 867 4150 quae
890 4071 1023 4132 Stahllus
1046 4072 1183 4149 conjecit

234 4174 387 4238 Interdum
410 4179 535 4256 propter
557 4175 722 4236 rhetoricas
752 4175 883 4236 rationes
906 4175 1103 4236 membrorum
1127 4180 1269 4236 accurata
