2842 4620
234 1072 445 1183 Grammatica
461 1125 664 1201 comparativa
680 1126 710 1183 et
724 1122 998 1198 antiquissimorum
1013 1122 1183 1200 linguarum
1200 1123 1266 1183 fon-

147 1228 220 1286 tium
249 1226 418 1285 observatio
451 1229 595 1301 quantum
628 1223 665 1283 ad
697 1225 847 1302 syntaxim
879 1242 999 1302 quoque
1029 1225 1265 1302 cognoscendam

148 1329 322 1404 contulerit,
350 1346 437 1388 nemo
465 1332 510 1388 est
539 1329 610 1405 quio
639 1328 720 1387 sciat.
771 1328 917 1405 Imprimis
945 1328 1119 1388 vocularum
1148 1328 1264 1388 illarum

148 1450 225 1507 quae
248 1431 361 1490 varium
385 1431 415 1488 in
439 1429 556 1490 modum
580 1431 734 1490 enuntiata
754 1429 903 1507 copulant,
926 1433 1033 1490 natura
1055 1434 1116 1489 tum
1140 1429 1266 1507 demum,

148 1550 213 1591 cum
236 1526 369 1591 affinium
392 1531 562 1608 linguarum
585 1531 678 1592 verba
700 1531 914 1609 respondentia
942 1536 971 1593 et
994 1549 1066 1592 usus
1089 1533 1265 1593 Homericus

148 1636 313 1711 comparari
336 1637 461 1711 coeptus
478 1637 530 1708 est,
552 1633 672 1711 penitus
694 1634 848 1694 intellecta
868 1637 922 1694 est.
960 1635 1065 1711 ltaque
1088 1653 1154 1694 cum
1178 1639 1266 1695 antea

148 1755 183 1794 ex
207 1737 375 1795 Atticorum
404 1735 490 1795 modo
517 1752 653 1796 sermone
681 1734 868 1795 considerato
897 1735 1046 1812 particula
1064 1728 1127 1814 μέν
1153 1735 1195 1795 ita
1221 1737 1266 1795 in·

146 1838 347 1915 tellegeretur,
369 1837 456 1914 quasi
471 1837 609 1914 primitus
624 1839 669 1897 vis
685 1837 858 1898 concessiva
873 1842 953 1898 esset
974 1841 1003 1898 et
1026 1839 1174 1916 oppositio
1198 1857 1264 1899 cum

147 1935 184 1998 δέ
205 1941 291 2017 sequi
307 1940 438 2017 deberet,
460 1943 490 2000 et
511 1939 771 2017 grammaticorum
794 1944 823 2001 et
846 1941 1072 2001 Homericorum
1093 1940 1199 2000 studiis
1222 1960 1267 2001 re-

146 2048 263 2120 pertum
287 2046 332 2103 est
352 2035 414 2121 μέν
436 2042 513 2102 idem
537 2059 602 2103 esse
625 2042 706 2118 quod
727 2031 795 2122 μήν
817 2044 847 2103 vi
867 2042 1073 2104 confirmativa
1095 2049 1124 2104 et
1146 2062 1266 2104 asseve-

146 2149 239 2205 rante.
284 2145 342 2219 Qui
366 2144 533 2205 docuerunt
560 2162 627 2205 eum
651 2163 737 2205 usum
760 2144 841 2222 apud
864 2147 1025 2207 Homerum
1049 2147 1190 2207 latissime
1213 2166 1267 2224 pa·

146 2252 223 2318 tere,
256 2245 335 2324 apud
366 2245 551 2306 Herodotum
581 2264 641 2306 non
672 2264 741 2306 raro
772 2247 899 2307 inveniri
934 2266 1031 2324 nequo
1062 2266 1133 2308 vero
1163 2246 1267 2308 deesse

147 2349 227 2426 apud
251 2350 366 2409 Atticos
388 2348 530 2427 vestigia,
552 2350 704 2426 vulgatam
728 2348 976 2426 significationem
1003 2369 1039 2410 ex
1063 2369 1098 2411 eo
1121 2350 1266 2428 paulatim

146 2457 239 2512 ortam
269 2455 298 2512 et
320 2455 503 2512 attenuatam
527 2469 601 2512 esse.
646 2453 774 2513 Nomine
797 2454 959 2530 praecipue
987 2454 1140 2529 Hartung,
1169 2454 1267 2514 Lehre

147 2573 205 2612 von
222 2553 279 2613 den
295 2553 500 2631 griechischen
516 2553 683 2637 Partikeln,
705 2574 733 2632 p.
751 2558 896 2632 390sqq.,
920 2558 950 2615 et
972 2556 1136 2630 Baumloin,
1160 2557 1266 2616 Uuter·

146 2655 320 2732 suohungen
349 2656 423 2716 uber
445 2656 633 2735 griechische
656 2655 827 2735 Partikelu,
848 2655 880 2734 fp.
905 2660 965 2718 159
979 2675 1056 2734 sqq,
1086 2657 1268 2735 Mntnbauer,

146 2759 207 2818 Der
230 2757 415 2818 homerische
439 2758 596 2819 Gebrauch
625 2758 679 2818 der
704 2756 839 2818 Partilrel
859 2752 930 2836 μέν,
959 2758 1099 2818 Coloniae
1121 2755 1267 2834 1884l86.

145 2861 258 2920 Tamen
283 2861 308 2919 ei
332 2859 387 2920 viri
410 2860 574 2921 doctissimi
602 2860 699 2921 studio
724 2861 782 2919 vim
805 2859 1039 2920 confirmativam
1069 2861 1158 2920 etiam
1187 2863 1267 2938 apud

146 2961 260 3021 Atticos
277 2962 462 3022 monstrandi
485 2963 576 3040 paulo
593 2962 712 3040 longius
728 2964 911 3039 processisse
928 2963 999 3022 mihi
1014 2961 1154 3023 videntur
1177 2982 1265 3040 quam

147 3063 239 3123 libera
261 3064 465 3142 exemplorum
482 3064 693 3142 contemplatio
716 3065 851 3124 sustinet.
895 3066 995 3141 Atque
1019 3066 1073 3125 etsi
1097 3066 1176 3143 apud
1193 3086 1265 3127 non·

146 3166 242 3226 nullos
264 3167 442 3245 scriptores,
472 3167 614 3244 imprimis
636 3167 804 3241 Platonem,
832 3168 896 3227 eius
920 3184 993 3227 usus
1016 3169 1110 3228 multa
1133 3169 1268 3245 exempla

144 3268 351 3346 inveniuntur,
377 3274 477 3329 tamen
505 3270 535 3328 in
565 3269 654 3346 longe
681 3269 808 3329 maxima
835 3271 967 3329 locorum
992 3270 1180 3331 multitudine
1206 3265 1267 3348 μέν

144 3373 184 3430 ita
208 3377 380 3450 usurpatum
405 3380 458 3450 est,
481 3375 514 3432 ut
536 3372 684 3450 oppositio
708 3392 774 3433 cum
795 3365 832 3431 δέ
853 3376 1004 3450 sequatur.
1050 3374 1156 3450 ltaque
1179 3391 1264 3433 usum

144 3474 339 3550 antiquissimi
371 3493 477 3552 prosae
510 3476 652 3535 orationis
681 3476 848 3536 Atticorum
878 3474 1048 3552 scriptoris,
1078 3474 1266 3551 Thucydidis

144 3595 259 3653 nempe,
282 3607 322 3617 -
346 3577 383 3637 de
406 3577 599 3653 Antiphontis
622 3594 678 3637 usn
707 3580 764 3638 iam
794 3577 958 3655 disputavit
980 3576 1125 3637 Schaefer
1152 3579 1182 3636 in
1206 3577 1265 3637 dis·

144 3678 306 3739 sectatione
337 3679 415 3741 eorl.
446 3684 539 3742 1877:
575 3679 612 3740 de
642 3682 856 3758 particularum
889 3680 1098 3740 nonnullarum
1127 3698 1174 3756 ap.
1197 3681 1265 3740 Ant.

144 3799 200 3841 usu
224 3813 266 3822 -
289 3781 462 3860 diligentius
485 3785 660 3861 perquirere
682 3802 741 3844 non
765 3801 1022 3861 supervacaneum
1045 3783 1156 3859 putavi.

610 3966 718 4037 ,Ι.

228 4091 316 4168 Apud
340 4110 428 4168 quem
451 4092 481 4151 in
505 4091 615 4169 exiguo
639 4091 842 4169 exemplorum
865 4109 988 4153 numero
1012 4091 1064 4152 uhi
1086 4111 1146 4152 non
1170 4111 1263 4153 enun-

143 4192 246 4253 tiatum
270 4212 336 4254 cum
352 4194 499 4271 particula
514 4193 716 4272 respondente
732 4194 877 4272 seqnitur,
899 4193 1075 4254 omniafere
1098 4194 1170 4255 talia
1186 4197 1265 4266 suut,
