2842 4620
1232 248 1268 304 11

153 414 369 500 Δημοσθένης
392 404 593 495 ἀφικόμενος
615 434 682 476 κτε.
728 416 812 490 Quae
835 416 1018 477 antecedunt
1045 416 1155 475 docent
1177 433 1271 492 oppo-

152 524 241 583 situm
264 523 437 598 scriptorem
466 521 496 580 in
520 523 618 580 mente
644 520 784 580 habuisse
807 520 1029 597 Hippocratem.
1073 517 1131 578 Sed
1158 521 1269 593 tempo-

153 626 193 684 ris
220 642 279 701 quo
303 624 396 683 utitur
423 622 584 699 desorIptio
611 621 641 681 in
663 625 793 682 aestates
816 626 847 681 et
869 622 980 681 hiemes
1007 640 1074 680 eum
1097 620 1146 679 hio
1169 638 1271 679 narra·

152 727 263 786 tionem
287 725 325 785 de
346 723 490 784 Brasidae
511 723 541 782 in
559 723 761 785 Macedoniam
785 728 815 784 et
830 723 1017 784 Ohaloidioen
1040 722 1147 782 itinere
1170 721 1271 782 rebus·

22 820 25 825 ’
94 838 97 843 ’
153 847 211 905 que
232 829 272 887 ihi
293 828 385 905 gestis
411 828 542 887 inserere
570 828 657 903 cogit.
701 828 778 886 Tum
801 830 896 886 totum
919 844 944 885 o.
964 829 1005 886 89
1033 825 1154 885 effusius
1181 829 1272 901 eaput

151 949 251 991 rerum
274 931 480 991 Boeotioarum
504 931 533 988 in
550 933 676 990 mentem
700 933 822 989 revooat
845 929 1036 1005 breviterque
1056 932 1177 988 enarrat
1199 927 1270 1004 quid

152 1051 243 1109 porro
270 1032 487 1092 Demosthenes
514 1015 545 1104 (ὁ
568 1024 629 1109 μέν
654 1026 814 1110 rinporth.)
842 1032 981 1108 effecerit.
1027 1031 1115 1091 Initio
1145 1049 1209 1107 oap.
1230 1033 1271 1091 90

155 1136 286 1212 deniquo
310 1118 341 1210 (ὁ
366 1129 401 1194 δὲ
422 1117 586 1211 Ἱπποκμ.)
609 1133 646 1193 ad
670 1135 795 1194 alteram
819 1138 931 1210 partem
955 1132 1150 1210 expeditionis
1173 1137 1271 1191 trans·

151 1238 219 1297 itur.
262 1237 369 1315 Itaque
392 1237 506 1298 Stahlio
529 1238 666 1297 assentiri
688 1254 805 1313 nequeo
828 1237 879 1312 qui
900 1229 1067 1314 Βρασίδας
1087 1228 1124 1293 δέ
1146 1253 1170 1294 o.
1187 1238 1268 1312 78,1

150 1341 334 1417 respondere
359 1340 450 1400 iubet.
476 1371 519 1378 —
548 1340 591 1399 111
612 1343 660 1411 62,
681 1345 700 1401 3
727 1339 891 1400 seeundum
920 1339 1011 1399 verba
1037 1331 1207 1415 σκέψασθε
1234 1329 1270 1396 ἐν

151 1435 215 1521 οἵῳ
237 1435 316 1502 εἴδει
338 1428 491 1521 ἑκάτεροι
513 1427 609 1521 ἡμῶν
630 1437 733 1503 τοῦτο
757 1431 905 1520 ἔκραξαν
927 1445 1134 1517 exspectamus
1161 1445 1269 1501 statum

151 1563 251 1605 rerum
274 1550 304 1605 et
325 1546 539 1606 Thebanarum
563 1548 593 1605 et
615 1545 831 1605 Plataeioarum
855 1544 975 1622 exponi.
1019 1542 1076 1603 Sed
1099 1544 1128 1602 in
1152 1543 1269 1619 exposi-

150 1649 231 1707 tione
253 1647 466 1708 Thehauorum
490 1647 610 1724 quidem
638 1666 705 1706 oum
733 1646 869 1707 barbaris
897 1647 1066 1706 ooniunotio
1094 1664 1149 1722 per
1171 1639 1270 1704 δυνα-

105 1807 107 1810 4
150 1743 309 1808 ναοτείαν
338 1733 465 1827 ὀλίγον
492 1735 629 1828 ἀνδρῶν
658 1754 835 1827 excusatur,
865 1748 946 1825 quod
972 1748 1068 1809 fusius
1097 1747 1269 1808 illustratur.

149 1853 226 1911 'I’um
243 1856 341 1911 autem
365 1870 389 1911 o.
406 1856 445 1913 63
469 1853 613 1911 transitur
636 1850 674 1911 ad
691 1851 976 1911 demonstrationem
1001 1850 1192 1910 Plataeenses
1212 1837 1270 1925 μό-

150 1970 230 2024 νους
252 1933 295 2012 αὖ
316 1950 484 2013 Βοιοοεοῖν
506 1938 670 2014 ἀττικίοιιι
698 1952 760 2026 (62,
776 1951 816 2025 2),
847 1953 899 2012 sed
922 1945 959 2012 ἐν
978 1945 1041 2032 οἵῳ
1061 1945 1139 2012 εἴδει
1169 1951 1198 2010 id
1227 1951 1269 2011 fe-

150 2056 253 2128 cerint,
275 2075 335 2116 nou
359 2058 546 2132 explanatur.
590 2056 785 2133 Respondent
811 2059 909 2116 tamen
938 2057 1017 2115 inter
1044 2073 1076 2114 se
1102 2038 1183 2131 ἡμῖν
1208 2047 1270 2130 μὲν

150 2149 212 2237 γὰρ
234 2147 390 2238 ἡπόλις,
413 2159 494 2237 quod
517 2161 546 2220 in
566 2159 625 2220 fine
641 2160 746 2236 eapitis
770 2159 1044 2234 comprehenditur:
1068 2152 1123 2215 καὶ
1145 2143 1187 2215 τὰ
1208 2151 1270 2233 μὲν

149 2253 182 2330 ἐς
211 2246 273 2319 τὸν
300 2251 465 2340 μηδισμὸν
494 2257 642 2320 τοσαῦτα
671 2246 949 2344 ἀπολογούμεθα,
979 2265 1009 2321 et
1039 2248 1084 2330 ὡς
1112 2253 1148 2318 δὲ
1178 2243 1270 2334 ὑμεῖς

148 2360 279 2440 μᾶλλον
301 2348 491 2442 ἠδικήκατε.

689 2547 731 2611 ΙΙ.

235 2672 365 2731 Primum
389 2671 528 2731 facillime
556 2690 593 2731 ex
616 2671 812 2731 confirmandi
834 2672 999 2748 particulae
1018 2665 1080 2749 μέν
1102 2674 1131 2731 vi
1153 2672 1267 2732 intelle·

149 2775 230 2851 gitur
252 2776 327 2834 ratio
351 2775 524 2835 eoueessiva
546 2794 624 2851 qrrao
647 2775 724 2834 inter
746 2776 900 2835 enuntiata
923 2776 1078 2850 particulis
1098 2769 1159 2851 μέν
1182 2781 1212 2833 et
1233 2767 1270 2833 δέ

150 2877 309 2938 ooniunota
330 2877 503 2938 intercedit:
532 2871 594 2956 μέν
620 2877 732 2955 aliquid
761 2878 916 2938 ooufirmat
942 2883 1033 2954 atque
1060 2877 1187 2953 stabilit,
1216 2877 1268 2937 sed

150 2999 186 3040 ea
207 2979 295 3040 modo
318 2998 416 3052 eausa,
440 2985 472 3040 ut
494 2981 605 3058 aliquid
634 2981 715 3058 quod
738 2982 780 3041 ilii
803 2982 970 3041 sententiae
992 2980 1122 3058 aliquam
1145 2981 1175 3039 iu
1198 3000 1268 3058 par·

142 3087 207 3164 tem
237 3084 417 3143 eontrarium
442 3088 488 3143 est
515 3086 563 3145 vel
590 3103 650 3145 non
677 3085 818 3144 convenit
845 3087 1022 3160 opponatur.
1065 3084 1120 3142 Illa
1143 3101 1191 3143 res
1220 3083 1269 3141 mi-

150 3185 227 3244 nime
249 3203 284 3244 ea
306 3186 506 3262 repugnantia
528 3185 644 3246 sublata
666 3191 724 3258 est,
752 3185 805 3245 sed
829 3187 859 3245 in
881 3186 971 3262 pleno
995 3203 1049 3245 suo
1073 3187 1136 3245 iure
1160 3189 1268 3245 manet.

149 3287 227 3346 Hino
250 3287 383 3348 pasoitur
405 3288 457 3349 ille
476 3306 547 3349 usus
563 3288 787 3366 vulgatissimus
809 3290 860 3365 qui
883 3291 1086 3365 germanicum
1110 3307 1208 3360 „nwar
1225 3318 1268 3328 -

148 3388 240 3450 abor“
265 3389 352 3450 valde
374 3397 492 3468 aequat.
537 3393 637 3469 Atque
660 3391 764 3452 eodem
780 3391 867 3452 modo
891 3410 950 3468 quo
974 3411 1010 3452 ex
1026 3393 1199 3470 germanico
1217 3409 1268 3462 „ao

148 3489 264 3570 rrtre“,¹
280 3492 296 3550 i.
312 3510 337 3552 e.
357 3484 603 3569 profectojvero,
626 3495 777 3570 particula
800 3492 914 3567 „awar“
940 3497 1011 3554 nata
1034 3500 1087 3568 est,
1109 3493 1268 3553 verisimile

149 3599 195 3654 est
215 3613 356 3671 graecum
376 3588 438 3671 μέν
458 3614 494 3656 ex
508 3583 576 3675 μήν
592 3597 768 3658 affirmativo
788 3600 972 3659 attenuatam
989 3615 1053 3657 esse
1074 3598 1103 3656 in
1120 3615 1184 3655 eam
1200 3595 1268 3669 vim,

149 3696 186 3756 de
209 3714 270 3774 qua
292 3716 373 3759 nune
395 3699 481 3759 nohis
504 3699 663 3759 dioendum
686 3703 741 3776 est,
763 3719 942 3778 quamquam
964 3700 1060 3760 forma
1079 3699 1182 3759 dorion
1202 3687 1268 3775 μάν

147 3817 212 3860 eam
236 3801 379 3877 originem
406 3802 531 3863 reiioere
553 3803 678 3863 videtur.
723 3802 790 3876 Qua
813 3804 849 3863 de
872 3821 904 3863 re
930 3803 998 3862 vide
1021 3803 1159 3879 Hartung
1182 3803 1211 3861 Π
1238 3821 1267 3878 p.

148 3906 221 3981 403,
242 3903 396 3964 Btumlein
420 3925 447 3982 p.
470 3910 539 3977 164,

233 4005 329 4083 Saepe
356 4006 395 4067 ad
418 4008 585 4085 augendam
608 4007 825 4069 adversativam
849 4009 909 4066 vim
933 4001 969 4066 δέ
995 4026 1060 4068 oum
1082 3994 1172 4084 ὅμως
1199 4026 1267 4068 oon·

147 4107 280 4169 iunotum
304 4113 361 4184 est,
388 4110 401 4168 Ι
424 4115 471 4186 10,
487 4116 521 4173 3:
547 4098 592 4189 ἣν
614 4096 701 4180 εἰκὸς
724 4103 780 4169 ἐπὶ
802 4100 841 4170 τὸ
863 4108 977 4188 μεῖζον
998 4105 1059 4188 μὲν
1083 4141 1124 4152 -
1146 4107 1266 4188 κοομῐ·

149 4219 218 4286 σαι,
241 4197 331 4289 ὅμως
354 4205 389 4271 δὲ
412 4208 566 4289 φαίνεται
587 4208 643 4272 καὶ
666 4198 775 4287 οὕτως
797 4207 1004 4294 ἐνδεεστέρα,
1032 4216 1078 4276 ΠΙ
1098 4219 1196 4294 43,1:
1223 4204 1267 4295 ἢν
