2842 4620
679 477 748 542 Vll.

241 605 381 680 Sequitur
399 604 461 680 jam
492 608 525 662 ut
547 604 729 662 disseramus
752 604 789 663 de
812 606 894 664 varia
916 607 1045 681 ratione,
1075 625 1135 682 qua
1158 607 1276 667 dnobus

155 707 306 784 membris,
337 724 414 783 quae
444 706 598 780 particulis
625 699 686 782 μέν
716 710 747 764 et
776 699 814 764 δέ
842 706 919 766 inter
952 725 984 767 se
1016 708 1178 784 conjuncta
1209 710 1276 781 elnt,

154 811 272 869 tertium
296 811 486 883 annectatur3
516 825 576 884 qua
602 808 632 867 in
663 798 899 884 quaestione‘in
923 799 1107 887 unoquoque
1139 812 1276 886 exemplo

153 911 394 988 investigandum
409 916 463 992 est
479 929 589 970 verene
612 929 690 970 nova
712 929 761 970 res
783 911 912 971 addatur
934 932 971 971 an
997 905 1074 972 sorte
1097 914 1146 972 illa
1167 931 1215 972 res
1238 913 1275 971 ad

153 1013 320 1075 mudum
353 1015 517 1074 membrum
549 1014 698 1089 pertineat
729 1013 817 1090 eique
847 1014 982 1091 subjecta
1012 1016 1061 1086 sit,
1090 1033 1152 1075 nee
1177 1016 1276 1075 minus

152 1119 272 1178 tertium
303 1117 465 1176 membrum
504 1116 637 1194 primone
673 1119 763 1193 atque
792 1116 925 1175 secundo
957 1117 1044 1175 simul
1074 1135 1111 1175 an
1141 1117 1275 1177 secundo

153 1222 249 1280 solum
281 1220 448 1297 oppositum
480 1220 526 1278 sit.
577 1219 711 1295 Apparet
739 1224 836 1278 autem
868 1219 925 1277 tria
958 1219 1099 1278 membra·
1125 1223 1159 1278 ut
1193 1221 1276 1295 paris

153 1324 292 1383 momenti
315 1323 375 1381 sint
408 1321 523 1380 nonnisi
547 1321 575 1379 in
599 1320 808 1397 partitionibus
831 1320 965 1381 accidere
989 1339 1089 1398 posse,
1113 1327 1142 1381 et
1162 1322 1194 1381 in
1218 1323 1275 1382 hoc

153 1425 272 1503 quidem
296 1443 405 1500 genere
438 1428 538 1520 qotum
569 1428 613 1483 est
639 1425 735 1483 tribas
758 1423 895 1484 membris
918 1425 1006 1483 inseri
1030 1421 1192 1501 particulas
1214 1417 1276 1502 μέν

152 1562 194 1571 -
217 1524 254 1588 de'
283 1560 324 1568 —
348 1522 398 1600 δέ,
434 1529 565 1605 itemque
593 1528 623 1586 in
651 1528 847 1604 sequentibus
875 1529 898 1587 si
930 1529 1016 1604 plura
1043 1531 1114 1587 sunt
1144 1527 1275 1587 membre

152 1634 329 1711 particulam
360 1625 397 1689 dd
426 1631 573 1708 usurpari.
622 1629 706 1704 Quae
737 1631 811 1689 ratio
849 1630 930 1708 apud
960 1649 1060 1690 rerum
1088 1631 1275 1706 scriptorem,

152 1736 265 1812 quippe
289 1735 336 1794 cni
359 1752 449 1810 saepe
473 1732 707 1792 enumerandum
735 1736 825 1809 atque
855 1732 1044 1809 partiendum
1074 1734 1126 1803 sit,
1156 1734 1275 1809 pervul-

152 1843 222 1914 gata
245 1841 299 1896 est.
343 1834 458 1896 Sufficit
486 1836 632 1895 nonnulla
659 1834 792 1911 deligere
824 1853 900 1910 quae
930 1836 1050 1911 saepius
1073 1836 1274 1895 inveniuntur.

152 1940 252 2016 Atque
282 1940 308 1998 ei
332 1939 484 2015 partitioni
515 1937 636 2015 quidem
673 1956 750 2015 quae
782 1937 989 2013 vulgarissima
1018 1942 1075 2010 est,
1106 1956 1211 2014 nempe
1242 1929 1275 1996 oi

151 2038 211 2121 μέν
233 2073 274 2083 -
298 2034 330 2101 oi
353 2036 402 2113 δέ,
435 2061 512 2102 nova
534 2060 582 2101 res
605 2041 724 2100 additur
746 2042 857 2101 talibus
886 2042 978 2102 modis
1000 2045 1091 2118 atque
1119 2043 1274 2119 exemplis:

152 2138 184 2205 oi
215 2139 251 2204 δέ
282 2140 323 2204 Vl
341 2150 390 2208 30.
415 2150 463 2220 76,
480 2150 508 2205 3.
540 2148 587 2215 77,
605 2148 631 2204 2.
663 2138 831 2221 11Π28,3,
858 2135 891 2201 οἱ
914 2136 951 2201 δέ
972 2159 1059 2214 τινες
1089 2137 1164 2201 VIII
1181 2147 1230 2220 94,
1246 2149 1275 2222 3,

151 2243 215 2308 εἰσὶ
231 2234 296 2308 (1ὀῖ
316 2244 372 2307 καί
394 2244 409 2307 Ι
426 2254 476 2320 23,
493 2253 520 2309 2.
543 2243 602 2306 Vll
620 2253 668 2324 13,
684 2253 711 2324 2,
735 2240 796 2306 eloi
817 2241 923 2306 δὲκαὶ
940 2239 1152 2324 0lV1·157,3‚
1176 2233 1274 2306 ἄλλοι

152 2346 320 2429 δέ114,4
352 2351 415 2425 (ubi
439 2355 547 2429 quarto
570 2351 636 2410 loco
660 2340 699 2409 τὸ
723 2343 758 2408 δὲ
780 2348 965 2424 πλεῖστον),
988 2343 1032 2407 IV
1050 2353 1133 2421 96,7
1164 2347 1209 2422 (42
1242 2342 1274 2408 oi

151 2448 209 2530 δέ).
245 2449 304 2513 VH
327 2460 375 2526 37,
392 2459 420 2515 3.
445 2459 492 2525 71,
510 2458 536 2514 6.
559 2448 636 2511 VIII
652 2456 751 2531 87,3,
784 2438 880 2510 ἄλλοι
904 2445 939 2510 δὲ
962 2447 1017 2510 καί
1042 2447 1148 2513 Viso.
1201 2454 1274 2512 Post

150 2553 290 2635 πρῶτον
311 2550 371 2633 μέν
394 2586 435 2595 -
459 2546 571 2613 ’ἔπειτα
593 2557 719 2631 legimus
743 2544 857 2644 'e'rrarta
880 2549 926 2612 III
942 2559 991 2630 22,
1006 2559 1034 2630 3,
1056 2556 1180 2614 verbum
1205 2572 1272 2614 cum

151 2652 186 2716 dd
208 2652 265 2715 καί
287 2659 426 2718 iteratum
442 2651 471 2715 Π
489 2660 542 2719 96:
566 2641 736 2736 ἀνίστησιν
758 2646 822 2714 οὐν
844 2652 985 2733 πρῶτον
1006 2650 1067 2733 μὲν
1083 2688 1133 2728 -,
1157 2647 1273 2714 ἔπειτα

150 2793 207 2834 -,
239 2745 391 2819 ἀνεκάλει
419 2753 454 2818 δὲ
484 2754 540 2817 καί
562 2791 604 2800 -
627 2743 744 2838 ἀνίστη
776 2752 811 2817 δὲ
839 2753 911 2831 καί,
945 2752 1102 2835 V190,2:
1134 2756 1274 2837 πρῶτον
1313 2789 1315 2793 ·
1365 2831 1369 2836 A

149 2858 210 2942 μὲν
232 2853 380 2941 --μετὰ
408 2848 589 2933 δ’ἒκεὶνους
618 2893 660 2902 -
687 2853 809 2919 ἔπειτα.
832 2891 874 2901 -
905 2861 1062 2921 Exercitus
1092 2864 1121 2921 in
1145 2864 1208 2921 acie
1230 2864 1272 2922 in·

149 2972 279 3026 structus
303 2966 464 3044 dispositus
489 2971 545 3025 est:
567 2959 669 3041 μέσον
689 2958 750 3042 μὲν
777 2955 972 3040 ἔχοντες-
995 2955 1031 3022 ἐκ
1055 2959 1163 3040 δεξιᾶς
1186 2949 1273 3023 dad-

148 3065 218 3126 τῶν
241 3097 282 3107 -
305 3059 342 3124 ἐν
366 3051 522 3148 ἀριστερᾷ
551 3060 586 3124 δέ
612 3061 642 3124 11
658 3069 742 3137 ene
766 3070 796 3124 et
818 3066 951 3125 similiter
973 3059 1053 3143 lae,
1069 3072 1096 3126 4.
1119 3060 1163 3124 lv
1181 3071 1230 3144 aa,
1245 3071 1274 3127 4.

149 3163 177 3227 V
194 3175 242 3244 67,
261 3173 285 3228 1.
299 3173 327 3228 2.
352 3163 396 3227 VI
412 3173 460 3228 67.
484 3163 557 3228 VIII
574 3172 642 3243 104,
659 3173 687 3229 3.
732 3169 763 3226 ln
788 3169 967 3227 exercitibus
983 3169 1032 3227 vel
1053 3169 1199 3228 classibus
1222 3175 1273 3228 aut

149 3271 339 3346 discernitur,
362 3272 450 3348 cujus
479 3271 608 3330 civitatis
640 3271 776 3346 singulae
804 3277 904 3346 partes
927 3270 998 3329 sint:
1030 3266 1110 3333 146.
1133 3266 1163 3328 II
1180 3276 1229 3344 22,
1245 3276 1272 3332 3.

148 3369 259 3435 11170.
284 3369 376 3449 1157,
393 3379 420 3434 2.
442 3377 493 3453 84,
511 3380 536 3434 l.
560 3368 618 3432 VII
634 3378 682 3445 57,
701 3379 728 3435 3.
741 3379 768 3433 4.
782 3376 809 3434 9.
833 3378 946 3451 57,10.
971 3377 1019 3446 58,
1036 3379 1063 3435 3.
1088 3368 1161 3431 VIII
1178 3379 1206 3434 3.
1223 3379 1271 3436 35.

151 3480 255 3554 106,3
279 3480 331 3536 aut
354 3479 568 3536 enumerantur
591 3478 743 3553 copiarum
768 3491 893 3552 genera:
916 3470 960 3534 IV
977 3480 1018 3536 94
1041 3468 1156 3553 οἱμὲν
1179 3461 1273 3535 ὁπλῖ-

148 3598 266 3639 ται-
289 3571 395 3657 ἱππῆς
426 3572 462 3637 od
491 3609 531 3617 —
563 3573 659 3654 ψιλοὶ
683 3572 731 3650 de',
763 3577 799 3636 cl.
831 3572 912 3653 161,
928 3583 955 3638 4.
984 3572 1030 3636 VI
1047 3581 1098 3638 25:
1129 3568 1275 3657 τριὴρέσι

147 3676 209 3760 μὲν
231 3713 272 3722 -
296 3665 449 3752 ὁπλίταις
473 3673 508 3739 δὲ
530 3712 572 3720 -
594 3669 657 3758 τὴν
681 3674 717 3738 dd
741 3666 847 3759 ἄλλην
868 3669 1094 3759 παρασκευήν.

235 3787 395 3845 Praeterea
418 3784 507 3844 talem
531 3784 746 3861 particularum
770 3776 831 3859 μέν
855 3813 894 3823 -
918 3777 955 3840 δέ
977 3814 1016 3822 -
1041 3777 1077 3842 δέ
1107 3783 1270 3860 conjuncti-

148 3908 233 3949 onem
256 3889 433 3965 invenimus,
457 3888 505 3947 ubi
530 3888 662 3947 membra
692 3905 751 3945 non
776 3892 834 3944 tam
864 3886 1030 3963 aequaliter
1052 3887 1105 3946 sibi
1134 3889 1272 3964 opposita

148 3995 226 4053 sunt.
270 3991 364 4068 Saepe
381 3993 457 4051 enim
475 3983 511 4048 δέ
534 3991 619 4050 tertio
637 3990 703 4049 loco
726 3988 882 4066 subjungit
904 4008 963 4048 non
988 3988 1109 4049 minoris
1132 3991 1272 4050 momenti

147 4094 268 4171 aliquid,
291 4094 343 4153 sed
368 4095 561 4171 grammatica
584 4093 808 4152 constructione
832 4092 920 4150 aliter
941 4100 1115 4169 expressum
1140 4097 1169 4152 et
1191 4093 1272 4152 solu·

146 4198 206 4257 tius
227 4197 365 4276 positum,
394 4191 441 4255 III
458 4201 508 4275 37,
523 4201 555 4256 4:
590 4182 811 4271 ἀμαθέστεροι
839 4186 899 4270 μὲν
921 4191 997 4268 τῶνΙ
1019 4184 1134 4272 νόμων
1161 4179 1272 4270 ἄξιοῦ·
