2842 4620
1236 251 1276 309 23

687 408 739 474 lv.

239 518 447 594 Temporalem
473 518 638 593 paratarum
661 517 874 594 particularum
897 510 958 594 μέν
980 522 1010 577 et
1032 511 1081 591 δέ,
1105 537 1164 595 qua
1185 520 1275 596 signi-

150 621 263 681 ficatur
285 620 386 698 aliqua
408 639 441 679 re
463 619 597 695 perfecta
612 619 701 679 aliam
717 619 789 692 fieri,
812 621 952 680 latissime
973 623 1077 697 patere
1094 624 1194 681 notum
1218 626 1276 696 est;

152 741 210 782 nec
233 723 296 782 scio
325 721 397 798 quid
426 721 598 797 Thucydidi
629 723 659 782 in
682 740 717 781 ea
740 740 773 782 re
796 721 949 800 proprium
980 741 1015 783 ac
1045 724 1198 801 peculiare
1230 725 1276 785 sit

152 824 242 899 Quod
262 825 325 902 jam
349 841 441 901 saepe
463 823 493 882 in
517 824 746 884 transitionibus
769 826 916 885 cernitur:
946 825 1027 901 153,
1043 830 1074 887 3:
1098 816 1213 903 οἱμὲν
1235 816 1275 904 δὴ

150 922 294 986 τοιαῦτα
317 913 432 984 εἶτον·
459 922 531 984 τῶν
553 919 588 984 δὲ
611 919 829 1005 Κερκυραίων
852 943 918 985 κτε.
971 929 1104 1005 Tempus
1127 929 1222 1007 ipsum
1244 929 1274 987 in

150 1029 254 1106 priore
278 1028 408 1089 membro
433 1034 463 1088 et
485 1029 615 1106 propriis
637 1028 737 1088 verbis
765 1030 941 1106 exprimitur
971 1030 1072 1107 qualia
1094 1035 1164 1091 sunt
1185 1028 1274 1109 προῦ-

150 1148 217 1191 τον
245 1125 322 1209 μέν,
353 1115 473 1208 ὀλίγον
494 1124 555 1208 μὲν
582 1120 722 1208 χρόνον,
749 1120 788 1188 τὸ
816 1125 1007 1209 παραυτίκα
1033 1125 1109 1211 μέν,
1137 1125 1192 1191 ἐπὶ
1212 1125 1273 1210 μὲν

151 1225 188 1309 ἓξ
203 1223 271 1312 ἔτη,
294 1222 356 1293 δύο
371 1224 432 1313 μὲν
447 1216 577 1312 ἡμέρας,
598 1229 641 1308 τῇ
660 1225 721 1310 μὲν
735 1226 896 1314 προτέρᾳ,
918 1225 974 1292 ἐπὶ
996 1220 1085 1293 πολύ
1107 1228 1177 1311 μέν,
1201 1253 1275 1312 quas

150 1337 298 1396 formulas
329 1337 359 1395 in
382 1337 547 1411 posteriore
576 1335 705 1395 membro
729 1337 813 1413 sequi
844 1338 921 1396 solet
950 1326 1063 1395 ’ἔπειτα
1089 1338 1137 1397 vel
1160 1328 1275 1396 ἐ’κειτα

151 1433 200 1513 δέ,
222 1426 307 1517 μετὰ
329 1432 363 1497 δὲ
378 1435 484 1496 τοῦτο
508 1441 532 1498 V
550 1443 588 1500 78
607 1445 693 1498 -et
715 1440 869 1512 omittitur,
893 1446 925 1500 ut
940 1440 982 1499 IV
1000 1444 1074 1501 107:
1097 1423 1115 1499 ὁ
1140 1434 1175 1499 δὲ
1189 1431 1275 1518 πρὸς

137 1536 213 1620 Ιμὲν
235 1531 299 1618 τὴν
327 1526 435 1600 Ἠιόνα
459 1527 702 1620 ἀμφοτέρωθεν
726 1526 961 1622 ἀπεκρούσθη,
992 1533 1034 1602 τὰ
1056 1536 1091 1602 δὲ
1112 1538 1190 1622 περὶ
1212 1533 1276 1620 τὴν

144 1629 348 1722 Ἀμφίπολιν
375 1629 569 1722 ἐξηρτύετο,
600 1644 753 1720 ο1.1117,
769 1650 796 1706 3.
841 1647 950 1706 Evenit
979 1647 1065 1706 etiam
1096 1655 1129 1707 ut
1158 1653 1274 1724 tempus

150 1748 182 1806 in
199 1747 368 1824 posteriore
391 1746 477 1807 modo
499 1746 628 1806 membro
652 1746 823 1807 definiatur:
848 1749 947 1820 1134,
963 1753 995 1809 4:
1018 1740 1201 1828 ἐμέλλησαν
1214 1742 1275 1827 μὲν

151 1879 194 1889 -
218 1839 331 1908 ἔπειτα
355 1837 449 1922 ἔδοξε
471 1865 550 1919 κτε,
573 1846 664 1921 V10,
682 1854 733 1909 11:
756 1837 879 1926 ᾔσθετο
902 1844 963 1928 μὲν
985 1837 1038 1908 ὅτι
1062 1848 1200 1911 νικῶσιν
1222 1884 1273 1924 -,

152 1936 195 2010 ού
226 1941 317 2010 πολὺ
347 1944 381 2009 δὲ
415 1935 582 2008 διαλιπών
611 1941 817 2030 ἐτελεύτησε,
847 1953 883 2011 ef.
914 1955 957 2013 111
973 1957 1002 2030 4,
1018 1958 1044 2014 2.
1078 1958 1105 2031 5,
1122 1958 1149 2014 2.
1180 1959 1228 2027 24,
1246 1959 1274 2015 2.

153 2054 224 2113 vrn
243 2057 291 2130 11,
307 2057 334 2112 a.
357 2056 407 2130 44,
424 2057 455 2127 a;
478 2037 593 2124 εὐούςι
617 2056 707 2113 vm.
733 2059 801 2114 114.
825 2055 865 2113 vr
881 2058 931 2132 sc,
947 2059 974 2115 a.
1063 2094 1066 2099 ·

239 2153 298 2214 Sed
321 2155 395 2215 haec
417 2156 487 2215 trita
510 2160 581 2215 sunt
609 2174 707 2231 neque
739 2155 830 2232 digna
856 2157 892 2216 de
916 2157 1023 2233 quibus
1046 2159 1194 2235 copiosius
1217 2159 1274 2218 dis·

152 2260 280 2317 seratur.
324 2258 392 2317 Non
415 2257 490 2317 adeo
514 2258 641 2334 vulgare
665 2262 709 2317 est
732 2259 819 2318 etiam
844 2277 964 2318 cansam
993 2261 1035 2320 rei
1057 2260 1086 2318 in
1110 2261 1274 2337 posterIore

154 2361 287 2420 membro
311 2360 495 2435 significatae
523 2361 553 2418 in
577 2361 675 2437 priore
705 2379 760 2437 per
788 2354 849 2438 μέν
879 2363 1014 2439 exprimi.
1066 2363 1161 2436 Quem
1189 2382 1274 2424 usum

153 2463 294 2540 equidem
326 2482 386 2523 nou
417 2463 516 2522 iuveni
540 2463 620 2541 apud
647 2463 737 2523 ullum
761 2465 903 2525 editorem
934 2467 983 2525 vel
1014 2467 1043 2524 in
1074 2468 1274 2542 grammaticis

154 2568 343 2627 observatum
368 2580 451 2639 esse,
476 2585 574 2642 neque
601 2571 699 2626 tamen
723 2559 863 2644 exempla
883 2587 961 2644 quae
992 2569 1111 2628 afferam
1135 2569 1275 2630 dubitati·

155 2687 240 2728 onem
258 2668 425 2728 admittunt.
471 2667 591 2728 Scilicet
612 2661 674 2744 μέν
689 2698 731 2706 -
747 2661 783 2726 δέ
804 2687 922 2746 semper
938 2669 1012 2730 duas
1035 2671 1160 2730 res·sibi
1184 2691 1273 2748 oppo-

153 2774 242 2841 nunt,
277 2789 365 2847 quam
398 2771 617 2847 oppositionem
652 2775 684 2829 ut
722 2790 776 2831 nos
810 2790 930 2849 quoque
964 2791 1053 2848 quam
1086 2774 1212 2835 maxime
1244 2776 1273 2834 in

152 2875 298 2935 vertendo
315 2891 468 2934 servemus
484 2875 565 2934 recte
580 2873 723 2948 flagitant.
753 2876 797 2935 Eo
818 2877 895 2935 enim
907 2863 1098 2936 'Graecorum
1115 2880 1274 2955 paratacti-

152 2997 206 3038 eae
222 2977 418 3054 oppositionis
439 2974 568 3035 studium
590 2978 799 3053 p1·ocessit,ut
820 2979 885 3055 eJns
901 2979 996 3054 gratia
1011 2979 1099 3038 etiam
1123 2982 1271 3040 causalem

151 3080 298 3140 rationem
319 3077 419 3138 verbis
442 3079 689 3138 convenientibus
708 3080 872 3154 exprimere
893 3080 1083 3140 dimitterent.
1120 3082 1275 3143 Sententia

151 3182 241 3243 modo
261 3182 327 3258 ipsa
348 3182 508 3241 verborum
528 3181 673 3241 rationem
695 3182 844 3240 causalem
863 3182 1022 3258 perspicue
1046 3183 1173 3260 indicat,
1196 3205 1274 3262 quae

151 3285 260 3359 semel,
291 3284 446 3359 11178,2;
476 3276 506 3341 εἲ
526 3300 575 3353 τις
598 3281 726 3357 φθονεῖ
743 3276 804 3360 μὲν
826 3268 846 3361 ἦ
872 3278 928 3341 καὶ
959 3281 1112 3359 φοβεῖται
1134 3317 1190 3359 -‚
1221 3273 1275 3345 διὰ

152 3379 189 3446 δὲ
211 3372 299 3444 αύτὰ
320 3375 380 3455 τὰς
403 3374 624 3462 Συρακούσας
647 3380 847 3463 κακωθῆναι
872 3371 1040 3460 βούλεται,
1064 3389 1151 3447 etiam
1175 3390 1274 3449 verbis

151 3489 311 3550 indicatur.
367 3488 454 3546 Prius
494 3488 654 3547 membrum
690 3489 861 3564 negativum
896 3494 941 3548 est
978 3489 1065 3560 175,
1088 3494 1115 3550 2.
1149 3495 1223 3567 125,
1247 3495 1274 3551 2.

153 3596 224 3665 136,
240 3595 269 3652 3.
296 3591 406 3664 11152,
432 3594 459 3650 2.
490 3591 531 3648 lV
547 3594 577 3666 4,
593 3594 619 3650 2.
649 3593 698 3667 33,
714 3594 741 3650 2.
773 3594 865 3667 35,3.
888 3594 955 3652 129.
986 3593 1041 3650 VH
1063 3597 1111 3663 43,
1137 3597 1168 3653 2:
1204 3594 1274 3669 quia

150 3695 280 3754 alterum
309 3711 368 3753 non
392 3692 424 3751 iit
455 3692 502 3750 vel
533 3691 596 3752 fieri
624 3712 684 3753 nou
715 3697 826 3769 potest,
857 3693 980 3753 alterum
1010 3693 1147 3753 efficitur.
1185 3695 1274 3755 Affir-

135 3786 308 3856 'mativumz
343 3795 398 3853 Vll
424 3798 478 3871 44,
501 3798 532 3854 2;
566 3774 608 3871 ἦν
641 3789 701 3871 μὲν
726 3785 787 3873 γὰρ
821 3780 943 3873 σελήνη
974 3783 1125 3874 λαμπρὰ,
1159 3786 1275 3876 ἑώρων

152 3892 189 3958 δὲ
212 3881 319 3967 ούτιος
348 3881 515 3975 ἅλλήλους
549 3880 594 3967 ὡς
624 3889 660 3954 ἐν
689 3886 807 3975 σελήνη
837 3887 939 3970 εἰκός,
971 3883 1180 3972 cf.1V21',·2.
1206 3905 1273 3963 129.

153 4001 252 4060 Etiam
284 4001 422 4077 136‚3:
454 3994 530 4077 τρία
560 3993 621 4076 μὲν
648 3987 730 4059 ὄντα
756 3989 860 4077 λόγου
888 3989 961 4074 ἄξια
987 4032 1029 4040 -
1054 3988 1197 4061 ναυτικά
1222 4035 1273 4075 -,

152 4091 286 4161 τούτων
311 4086 368 4160 δἐἰ
390 4092 604 4180 περιόψεσθε,
630 4121 684 4162 nec
703 4101 800 4160 minus
823 4103 901 4180 173,
918 4106 948 4162 2:
972 4087 1023 4160 ἐπ’
1040 4088 1165 4185 ὠφελίᾳ
1187 4098 1272 4163 ἐκιν-

154 4192 325 4278 ύυνεύετο,
347 4187 386 4282 ἧς
408 4198 551 4281 τοῦμὲν
574 4195 675 4282 ἔργον
696 4197 794 4281 μέρος
816 4197 996 4281 μετέσχετε,
1023 4201 1085 4264 ’τοῦ
1110 4201 1145 4266 δὲ
1169 4197 1273 4285 λόγου
