2842 4620
1222 281 1277 338 39.Ι
1327 306 1331 317 ·

140 437 203 523 μὲν
225 429 396 526 Ἀθηναῖοι
418 435 741 524 ἐκπολιορκήσαντες
768 431 970 505 ἀπέκτειναν
996 436 1077 516 τούς
1100 431 1263 525 ἡβῶντας,

19 553 25 562 ·
141 543 264 620 παῖδας
287 543 322 608 δε
344 544 400 607 καὶ
417 554 579 628 γυναῖκας
601 533 863 628 ἠνδραπόδισαν,
887 548 925 610 ef.
945 552 958 610 Ι
976 554 1048 624 117,
1061 555 1089 611 2.
1125 553 1174 611 rit
1189 570 1266 628 quo-

143 669 202 727 que
225 655 258 710 ut
279 653 389 728 prieris
411 652 532 712 membri
555 655 650 711 totum
673 653 793 712 omnine
816 670 877 713 non
899 670 1072 729 expressum
1096 653 1143 724 sit,
1166 654 1264 714 utili

145 757 214 826 107,
230 757 260 830 4,
282 755 332 814 ubi
355 758 425 814 ante
448 748 665 833 Λημοσθένης
686 747 747 831 μέν
769 755 1004 831 intellegendum
1027 758 1073 816 est
1094 741 1265 834 Ἀθηναῖοι
1290 788 1291 791 =

142 847 212 931 μέν,
235 855 334 931 374,
350 855 399 914 ubi
423 855 618 915 subaudimus
639 851 711 914 τῶν
732 849 793 933 μὲν
815 841 1002 934 ξυμμάχων.
1041 857 1082 916 VI
1099 861 1148 934 66,
1164 862 1200 918 3:
1228 849 1265 915 ἐκ

141 952 203 1037 μὲν
224 954 284 1036 τῆς
305 948 440 1031 πόλεως
462 942 570 1030 οὐδείς
585 990 636 1033 -‚
659 946 790 1038 πρῶτοι
806 952 897 1017 δε-
913 951 1028 1018 ἔπειτα
1046 953 1082 1018 δὲ
1104 954 1172 1018 καῖε
1195 979 1265 1037 sup·

142 1061 286 1137 piendum
311 1065 355 1121 est
376 1053 413 1120 ἐκ
436 1054 471 1119 δὲ
494 1050 650 1141 Κατάνης
671 1057 803 1139 πρῶτοι
825 1055 894 1139 με’ν.
941 1063 985 1122 Ita
1007 1064 1109 1123 evenit
1136 1067 1169 1123 ut
1191 1063 1264 1122 haee

143 1165 282 1242 exempla
304 1165 433 1242 speeiem
455 1165 580 1242 triplieis
602 1165 773 1242 partitionis
795 1183 868 1243 prae
892 1183 924 1225 se
946 1165 1053 1242 ferant,
1076 1185 1142 1226 eum
1165 1167 1265 1243 petius

143 1267 236 1327 altera
258 1285 329 1344 pars
351 1285 455 1327 rursus
478 1267 619 1345 bipartita
642 1268 687 1328 sit.

228 1370 385 1430 Latissime
412 1371 543 1448 denique
572 1363 607 1430 δέ
636 1390 696 1432 non
725 1370 924 1449 praecedente
947 1364 1010 1448 μέν
1038 1322 1209 1447 adhibetur,
1240 1374 1264 1432 si

143 1474 227 1551 prius
243 1474 407 1534 membrum
430 1475 601 1550 negativum
618 1480 673 1552 est,
695 1478 787 1550 atque
802 1475 880 1534 hie
867 1493 930 1552 Jam
953 1494 1016 1534 rem
1038 1474 1152 1591 attipgo
1175 1475 1264 1535 valde

144 1576 297 1636 iubrieam.
341 1576 476 1650 Quanam
499 1595 532 1636 re
555 1576 697 1637 differunt
719 1577 797 1636 inter
818 1595 850 1637 se
874 1561 915 1635 od
938 1609 979 1618 -
1002 1571 1052 1650 δέ,
1074 1571 1135 1654 μὲν
1158 1561 1200 1636 οὐ
1222 1609 1265 1618 -

145 1672 193 1752 δέ,
217 1663 258 1738 οὗ
273 1710 315 1722 —
330 1663 439 1739 ἄλλοίῗ
473 1680 557 1754 Quae
580 1681 678 1740 emnia
701 1698 755 1740 nes
777 1698 833 1758 per
856 1678 1023 1754 „sonderu“
1049 1681 1175 1741 reddere
1197 1700 1264 1758 pes·

143 1799 253 1842 sumus.
290 1783 430 1859 Hartung
446 1783 566 1859 quidem
585 1784 599 1841 I
616 1786 675 1844 171
699 1780 770 1842 dieii
793 1776 831 1841 δέ
852 1801 1013 1859 numquam
1033 1784 1073 1844 ita
1088 1784 1263 1844 vertendum

144 1901 219 1956 esse,
248 1883 300 1944 sed
324 1885 374 1944 vix
397 1885 427 1945 id
456 1886 486 1944 in
509 1885 647 1945 omnibus
670 1886 816 1962 exemplis
845 1884 965 1946 defendi
987 1887 1089 1963 pessit.
1133 1887 1263 1946 Primum
1347 1926 1349 1930 ι

143 1988 257 2047 numeri
280 1981 408 2065 aliquam
432 1988 463 2047 in
485 1992 600 2065 partem
624 2007 678 2048 nos
699 1988 834 2048 doceant.
872 1971 970 2048 Ἀλλά
992 1994 1061 2067 pest
1076 1991 1263 2066 negationem

143 2091 244 2150 inveni
264 2090 294 2149 in
312 2091 399 2150 tertie
415 2090 491 2151 libro
511 2090 701 2168 quadragies,
724 2084 762 2149 δέ
780 2092 843 2151 sine
858 2085 919 2167 μέν
940 2091 1050 2168 septies
1066 2091 1175 2171 deeies,
1198 2111 1263 2152 eum

142 2187 203 2271 μέν
225 2193 338 2268 sexies3
367 2193 398 2252 in
421 2197 505 2275 sexte
528 2194 604 2254 libro
633 2177 716 2252 ἄλλοί
742 2194 923 2271 quadragies
946 2193 1050 2272 octies,
1080 2188 1117 2254 δέ
1143 2214 1263 2272 praeee-

144 2296 233 2356 dente
256 2289 319 2374 μέν
345 2297 461 2374 novies,
492 2297 557 2356 siue
578 2289 639 2374 μέν
666 2296 756 2356 vieies
779 2297 881 2356 seties.
925 2283 1023 2356 Άλλοί
1048 2298 1146 2357 lecum
1173 2303 1265 2375 tenet,

144 2399 264 2476 siquid
292 2401 399 2459 aeriter
427 2403 554 2475 negatur
584 2404 613 2460 et
639 2399 787 2476 oppositio
811 2399 990 2461 affirmativa
1017 2401 1114 2460 statim
1137 2401 1266 2477 additur,

143 2502 184 2562 ita
209 2495 280 2578 post
299 2486 372 2580 ον’χί
400 2503 442 2562 111
463 2506 513 2580 53,
533 2507 560 2563 4.
590 2508 638 2574 67,
659 2507 686 2563 4.
731 2501 791 2562 Sed
822 2504 1042 2580 conjunctionis
1063 2487 1148 2563 ἄλλοί
1179 2523 1268 2564 usum

141 2605 203 2681 jam
224 2605 254 2665 in
278 2604 374 2665 medio
397 2605 610 2682 relinquamus.
653 2600 698 2665 Δί
719 2624 790 2666 vero
814 2625 873 2666 nen
897 2607 1098 2684 praecedente
1117 2600 1179 2684 μέν
1201 2611 1263 2667 tum

146 2708 269 2786 legitur,
296 2708 319 2767 si
342 2726 473 2784 quares
497 2727 575 2768 nova
597 2709 691 2785 priori
713 2709 866 2769 enuntiate
889 2708 1064 2786 simpliciter·
1086 2711 1265 2785 annectitur,

144 2812 200 2871 VH
220 2815 321 2884 77,4:
350 2801 394 2890 μὴ
422 2792 701 2889 καταπέπληχθε,
731 2806 907 2890 λογίζεσθε
935 2805 987 2885 δέ,
1021 2813 1062 2872 IV
1084 2816 1133 2888 62,
1153 2816 1187 2872 2:
1220 2801 1264 2891 μὴ

143 2900 224 2986 τούς
247 2903 346 2991 ἐμοὺς
369 2904 489 2993 λόγους
516 2898 699 2993 ὑπεριδεῖν,
726 2902 789 2992 την
811 2906 846 2973 δὲ
869 2898 976 2973 αὑτοῦ
998 2932 1074 2974 τινα
1096 2911 1266 2995 σωτηρίαν

143 3047 185 3057 -
207 3010 371 3095 προϊδεῖν,
400 3017 449 3077 ubi
470 3006 514 3094 μή
538 2998 711 3096 ὑπεριδεῖν
738 3017 914 3077 affirmative
942 3016 1027 3077 reddi
1055 3021 1168 3094 petest:
1199 3015 1264 3090 „bess

144 3117 285 3194 aehten“,
318 3119 488 3190 1114a1:
517 3107 600 3196 μήτε
629 3112 734 3198 οἴκτῳ
761 3113 867 3177 πλέον
892 3112 1063 3196 νείμαντες
1088 3109 1170 3198 μήτε
1196 3113 1265 3179 ἐπι-

119 3213 261 3302 ἐικείρι,
286 3204 343 3278 ἀπ’
360 3203 472 3279 αὐτῶν
496 3214 624 3279 diruit·
646 3214 927 3299 παραινουμένοιν
949 3215 1116 3281 πείθεσθέ
1136 3239 1208 3300 μοι,
1236 3226 1265 3281 et

144 3323 188 3382 sie
209 3323 393 3400 saepissime.
438 3322 497 3382 Sed
523 3323 611 3382 etiam
633 3324 663 3381 in
680 3325 825 3400 exemplis
849 3324 897 3383 ubi
921 3324 1071 3401 oppositio
1094 3329 1153 3385 tam
1178 3328 1266 3383 acuta

143 3427 245 3485 estut
267 3443 327 3484 nen
350 3424 497 3501 possimus
520 3425 592 3502 quin
616 3430 767 3486 vertamus
790 3425 971 3504 ,sondern“,
994 3418 1030 3484 δέ
1052 3427 1209 3498 invenitur,
1233 3431 1266 3485 ut

143 3528 185 3587 VI
205 3530 257 3603 87,
273 3531 305 3588 2:
328 3512 392 3585 οὔκ
409 3513 558 3607 ἄκλητοι,
580 3521 858 3608 παρακληθέντες
877 3522 922 3602 δέ,
947 3529 987 3588 Vl
1004 3533 1052 3599 32,
1070 3532 1099 3587 1;
1123 3512 1166 3586 οδ
1181 3516 1267 3584 κατὰ

143 3646 231 3689 νανν
246 3619 398 3710 εκαστην
420 3620 610 3708 ξομπαντες
627 3625 727 3703 δε
695 3631 732 3690 ef
748 3632 788 3691 VI
806 3634 902 3707 79,1;
925 3632 966 3691 IV
982 3634 1076 3708 988
1114 3625 1183 3688 Δί
1176 3648 1265 3689 mse·

146 3731 246 3793 eunde
270 3733 400 3794 membro
424 3752 478 3810 per
499 3729 644 3811 μᾶλλον,
666 3735 779 3812 potins,
806 3734 953 3794 firmatum
977 3739 1035 3792 est:
1011 3735 1183 3809 t,.-151
1196 3737 1264 3804 123,
1341 3772 1344 3779 ‹

141 3839 321 3912 -.,;21402
352 3836 457 3914 1V62,
478 3841 505 3897 2.
528 3840 577 3911 87,
601 3840 633 3912 5,
657 3838 746 3912 V28,
767 3840 794 3896 2.
819 3841 892 3913 101,
914 3837 1076 3912 V177,1.
1100 3838 1192 3907 78,4
1215 3839 1266 3913 83,

144 3943 174 4000 4.
197 3942 247 4018 86,
263 3943 289 3999 2.
314 3943 407 4017 32,.4
451 3940 581 3999 Verbum
610 3940 716 4015 prioris
744 3939 924 3998 enuntiati'
917 3958 947 3996 ln
976 3937 1108 3997 seeundo
1133 3938 1264 3998 membro

144 4042 290 4119 repetitur
317 4042 364 4101 vel
391 4059 559 4119 synonymo
589 4041 929 4119 exeipitu1·v123,3:
962 4056 1014 4098 οτι
1043 4029 1197 4118 ἐλάχιστα
1224 4038 1265 4119 τῇ
1365 4093 1369 4101 ,

144 4133 229 4223 τύχη
256 4134 475 4222 superioria
462 4133 606 4221 εμαυτδν
636 4133 798 4221 βούλομαι
827 4136 977 4216 ἐ,κπλεῖν
1006 4141 1200 4221 παρασκευη
1230 4132 1265 4203 δὲ

146 4232 289 4324 ἀσφαλεῖ
317 4240 511 4359 εκπλεῦσαι,
541 4249 707 4325 11:159‚3
735 4231 775 4306 οὐ
805 4241 962 4344 Θηβαίοις
989 4240 1178 4328 παρέδομεν
1204 4237 1264 4330 τὴν
