2842 4620
158 241 177 298 6

158 411 190 466 ut
213 407 359 484 oppositio
390 409 442 464 aut
470 406 528 464 alio
556 406 771 464 sententiarum
799 423 877 463 nexu
906 407 984 463 tecta
1011 408 1101 481 atquo
1128 405 1277 464 occultata

158 509 196 568 sit
223 513 275 568 aut
297 507 384 567 facile
412 509 510 567 mente
532 507 719 584 suppleatur.
762 505 881 566 Scilicet
909 506 1069 566 honorem
1093 505 1174 566 dicat
1196 508 1276 585 quis·

158 610 237 688 piam
260 629 367 671 vanam
391 607 635 687 disceptationem
653 608 810 668 vorborum
827 626 902 668 cese.
947 609 1185 685 imprimis'enim
1209 614 1277 687 post

159 717 336 792 pronomina
358 713 466 790 quibus
490 713 616 773 libenter
638 712 786 790 particula
808 705 868 788 μέν
891 730 922 771 se
945 713 1083 790 applicat,
1106 732 1164 772 nou
1181 715 1277 773 miuus

158 815 245 876 facilc
267 815 414 890 oppositio
442 813 596 873 subaudiri
625 817 738 888 potest,
767 830 844 889 quac
868 832 974 890 nempe
1002 833 1017 873 e
1041 794 1224 891 pronominis
1246 815 1276 873 vi

158 920 225 996 ipsa
247 916 450 992 intellegenda
473 919 525 987 cst,
548 934 636 991 quam
660 916 704 974 ris
729 914 932 974 confirmativa
954 917 1053 976 statui.
1099 916 1166 989 Qua
1187 915 1224 974 de
1243 934 1276 976 rc

158 1020 299 1080 nonnisi
329 1035 508 1095 unoquoque
536 1018 670 1095 exemplo
695 1019 863 1076 examinato
892 1017 999 1077 disseri
1027 1021 1133 1095 potest,
1178 1020 1277 1094 Atque

158 1122 294 1199 equidem
318 1139 409 1180 unum
433 1120 640 1181 modolocum
663 1120 772 1191 inveni,
797 1119 845 1178 ubi
870 1119 906 1180 de
930 1119 1135 1181 confirmativa
1156 1121 1186 1179 vi
1210 1139 1276 1196 par·

157 1225 265 1285 ticulac
287 1218 348 1301 μέν
371 1222 573 1284 dubitarinon
589 1240 677 1300 posse
698 1226 809 1299 putem,
832 1223 882 1299 qui
906 1223 1020 1282 scilicet
1043 1224 1072 1282 in
1096 1228 1182 1300 parte
1205 1241 1277 1299 ope-

158 1329 198 1387 ris
228 1327 317 1404 plane
347 1325 490 1401 singulari
518 1330 579 1401 est,
608 1344 668 1385 uno
691 1325 756 1385 loco
786 1342 845 1401 quo
874 1325 981 1385 breves
1011 1326 1156 1385 dictiones
1186 1330 1277 1401 atque

159 1426 410 1488 contradictiones
433 1424 584 1486 adhibitae
607 1429 686 1502 sunt,
709 1426 750 1484 lll
774 1430 842 1501 113,
858 1430 891 1486 4:
919 1420 976 1484 καὶ
997 1418 1057 1504 μὲν
1079 1415 1119 1504 δὴ
1142 1415 1278 1496 τούτοις

157 1546 192 1607 γε
214 1512 307 1607 ἡμεῖς
327 1519 407 1605 χθὲς
430 1557 470 1567 -
494 1517 693 1604 ἐμαχόμεθα,
718 1528 767 1586 ubi
791 1527 853 1587 sine
869 1527 959 1587 dubio
980 1521 1041 1603 μέν
1062 1529 1217 1587 veritatem
1234 1528 1275 1586 rei
1317 1528 1319 1533 '

158 1633 320 1703 asseverat,
343 1629 532 1688 coniunctum
556 1647 622 1688 cum
643 1617 684 1705 δή
708 1629 788 1705 quod
811 1628 1073 1689 demonstrativam
1094 1629 1154 1688 vim
1175 1629 1275 1688 habet:

158 1731 248 1796 ‘Sane
271 1751 342 1793 vero
370 1750 437 1792 cum
460 1732 496 1790 iis
518 1730 591 1809 ipsis
614 1733 826 1808 pugnavimus,
849 1733 975 1792 exuviae
998 1735 1072 1794 istac
1095 1751 1170 1810 quas
1192 1732 1277 1792 vides

159 1856 220 1897 rem
244 1839 349 1911 aperte
372 1825 503 1894 doceut’.
546 1834 576 1892 Is
599 1852 705 1911 nempe
729 1840 775 1894 cst
797 1852 883 1909 usus,
914 1853 1001 1911 quem
1024 1854 1110 1896 nemo
1133 1840 1179 1895 est
1204 1835 1276 1911 quin

159 1958 197 1998 ex
219 1937 355 1998 Platonis
378 1935 505 2012 dialogis
528 1935 653 1997 noverit.

180 2101 186 2114 ,
243 2040 339 2100 Aliter
362 2039 399 2098 de
422 2038 539 2099 duobus
561 2039 633 2099 locis
654 2039 684 2099 in
709 2039 827 2100 Cleonis
850 2040 983 2099 oratione
1006 2039 1198 2099 iudicandum
1222 2044 1276 2111 est,

159 2144 208 2203 ubi
231 2135 292 2220 μέν
320 2141 487 2218 pronomini
508 2130 573 2218 ἐγώ
600 2143 798 2218 postpositum
826 2146 883 2201 cst:
917 2141 958 2201 lll
979 2145 1063 2213 40‚2
1095 2161 1160 2201 cum
1188 2146 1277 2202 antea

160 2247 270 2305 dictum
294 2245 334 2304 sit
355 2244 552 2320 Mytilenaeos
575 2263 635 2305 non
659 2248 784 2315 coactos,
808 2243 860 2304 sed
883 2245 973 2320 pleno
990 2244 1114 2304 arbitrio
1137 2243 1276 2303 defectio·
1356 2248 1358 2252 ‘

160 2368 226 2408 nem
251 2348 369 2406 molitos
392 2365 458 2406 esse
480 2355 511 2406 ct
533 2347 705 2422 confecisse,
727 2347 837 2423 pergit:
860 2335 926 2425 ἐγώ
947 2341 1009 2424 μὲν
1033 2332 1097 2406 οὖν
1120 2340 1176 2404 καὶ
1198 2334 1275 2405 τότε

157 2447 298 2529 πρῶτον
325 2443 382 2507 καὶ
404 2445 467 2507 νῦν
490 2439 689 2527 διαμάχομαι
715 2437 759 2527 μὴ
781 2444 1003 2528 μεταγνῶναι,
1031 2451 1061 2510 in
1084 2449 1276 2526 sequentibus

159 2553 346 2613 enuntiatum
369 2552 450 2629 quod
467 2556 567 2629 aptam
583 2552 630 2611 his
645 2553 862 2630 oppositionem
880 2553 1031 2620 contineat
1053 2553 1165 2613 frustra
1188 2570 1278 2630 quae·

160 2657 259 2715 rimus.
306 2654 464 2716 subaudiri
493 2658 591 2714 tameu
621 2653 708 2714 facile
738 2657 864 2730 apparet
894 2654 952 2714 tale
983 2654 1054 2731 quid
1084 2654 1165 2730 quod
1197 2652 1276 2729 apud
1397 2721 1399 2724 y

159 2758 280 2834 Lysiam
306 2758 336 2816 in
360 2756 418 2817 fine
441 2757 563 2834 quintae
586 2760 616 2816 et
638 2755 771 2817 decimae
794 2756 936 2815 orationis
959 2751 1096 2832 legimus:
1129 2745 1194 2832 ἐγώ
1216 2746 1276 2832 μὲν

159 2839 223 2920 οὖν
243 2889 283 2900 -
307 2852 421 2936 δέομαι
443 2848 486 2917 τὰ
508 2853 619 2918 δίκαια
640 2853 865 2938 ψηφίσασθαι·
888 2844 971 2935 ὑμᾶς
994 2850 1029 2916 δὲ
1049 2847 1111 2936 χρὴ
1133 2847 1197 2935 τὴν
1218 2842 1276 2916 ου’-

159 2952 220 3041 τὴν
247 2948 384 3040 γνώμην
413 2952 549 3039 ἔχοντας
575 2951 638 3040 τὴν
660 2958 779 3039 ψῆφον
806 2955 919 3038 φέρειν
948 2976 1015 3018 κτα.
1061 2961 1148 3022 Certe
1171 2963 1195 3021 si
1217 2981 1277 3039 qua

160 3065 308 3142 oppositio
330 3063 536 3124 subaudienda
559 3068 611 3138 est,
633 3065 692 3123 tale
706 3065 946 3140 supplementum
970 3063 1063 3139 magis
1085 3067 1212 3124 naturae
1232 3067 1275 3126 rei

160 3168 300 3228 convenit
327 3185 415 3244 quam
439 3167 592 3242 cogitatio:
624 3153 720 3224 ἄλλοι
743 3158 779 3223 δὲ
801 3152 910 3234 ἄλλως
937 3151 980 3223 ἂν
1002 3158 1275 3243 συμβουλεύοιεν.

160 3268 274 3328 Etenim
299 3271 430 3328 nostram
452 3268 680 3343 explicationem
703 3269 799 3344 ipsum
815 3268 1001 3328 enuntiatum
1025 3269 1219 3347 suppeditare
1234 3271 1277 3330 vi·

161 3372 260 3431 detur:
284 3364 353 3446 ‘ego
369 3369 491 3444 suadeo,
509 3388 563 3430 vos
578 3363 754 3446 sequimini'.
798 3370 905 3447 Aptius
921 3389 1041 3448 quoquc
1062 3370 1093 3430 id
1116 3377 1189 3449 puto
1212 3391 1276 3433 csse

160 3492 250 3550 quam
273 3491 391 3532 sensum
416 3473 667 3532 confirmativum:
693 3471 784 3532 nolite
799 3473 935 3532 dubitare
957 3475 1028 3550 quin
1052 3492 1108 3550 ego
1132 3474 1188 3535 hoc
1210 3493 1277 3535 sua·

161 3574 259 3636 deam!
291 3576 471 3651 quasivero
500 3576 551 3635 tali
579 3575 803 3635 confirmatione
832 3594 907 3653 opus
930 3577 968 3637 sit
997 3581 1026 3634 et
1054 3595 1113 3635 non
1141 3595 1178 3636 cx
1205 3597 1277 3639 uno·

164 3695 285 3755 quoquc
317 3678 458 3737 orationis
491 3678 644 3738 enuntiato
674 3684 818 3755 appareat
848 3678 944 3753 qualis
972 3678 1088 3738 Cleonis
1121 3697 1202 3739 mens
1232 3680 1278 3739 sit.

159 3781 252 3839 Plane
275 3778 408 3839 similiter
430 3781 473 3839 Ill
495 3784 543 3852 38,
561 3784 589 3840 1:
614 3770 680 3857 ἐγώ
702 3773 762 3857 μὲν
785 3759 848 3838 οὖν
870 3763 888 3839 ὁ
911 3765 1014 3850 αὐτός
1036 3772 1100 3858 εἰμι
1122 3795 1202 3856 κτε.;
1230 3782 1277 3841 hio

161 3881 307 3959 oppositio
336 3883 365 3941 in
393 3883 490 3942 verbis
521 3902 598 3959 quae
625 3886 793 3960 sequuntur
822 3883 907 3942 latet:
944 3878 1000 3940 καὶ
1028 3872 1190 3960 θαυμάζω
1217 3876 1278 3962 μὲν

160 3981 229 4042 τῶν
250 3977 454 4062 προθέντων
478 3963 579 4055 αὖθις
601 4015 644 4026 -
665 3973 830 4061 θαυμάζω
853 3978 889 4044 δὲ
912 3979 968 4043 καὶ
991 3971 1081 4056 ὅστις
1103 4017 1153 4043 -.
1200 3987 1276 4048 Con-

161 4087 276 4145 cinniue
298 4086 398 4147 fuerat
419 4083 490 4146 τοῦν
507 4081 543 4146 δὲ
558 4081 818 4166 προθέντων-
833 4077 1011 4164 θαυμάζω,
1034 4106 1111 4166 quae
1127 4094 1278 4150 structura

141 4186 288 4244 urinarum
312 4194 447 4266 propter
469 4193 663 4268 partitionem
692 4190 903 4269 anaphoricam
931 4196 1043 4252 mutata
1066 4197 1118 4252 est.
1163 4194 1222 4252 lam
1247 4195 1276 4252 in
