2842 4620
148 258 189 315 60

146 412 260 498 πόλιν,
282 407 361 501 ὑμῖν
384 416 420 481 δὲ
443 411 688 492 πιστεύσαντες
701 412 953 503 προοὴλθομεν,
983 422 1018 482 cf.
1040 423 1082 483 llI
1104 427 1152 494 55,
1170 428 1196 484 3.
1220 427 1272 500 82,

147 530 181 602 83
207 528 248 587 lv
265 527 412 603 17‚3;.v
430 528 506 586 101.v

232 630 266 689 In
290 628 427 688 omnibus
449 629 496 687 his
519 629 660 704 exemplis
688 627 765 688 duae
788 629 926 688 notiones
949 629 1117 688 contrariae
1139 627 1193 687 sibi
1219 647 1271 706 op·

147 735 314 810 ponuntur,
340 733 381 791 ita
408 734 441 790 ut
463 731 595 791 membra
616 750 670 808 per
693 748 725 792 se
749 731 855 791 idonea
877 732 948 809 sint,
975 749 1053 807 quae
1081 751 1136 808 per
1155 724 1217 808 μέν
1240 736 1272 792 et

148 829 185 894 δι’
199 837 387 912 copulentur.
421 833 478 894 Sed
495 838 579 894 vetat
597 835 734 895 nimirum
750 835 909 895 verborum
931 835 1098 895 collocatio.
1115 836 1270 912 ‘Exempli

147 939 414 1018 gratioV186,3
437 937 606 1014 legeremus
630 931 850 1016 στρατοπέδῳ
872 931 933 1015 μὲν
956 922 1007 1011 οὗ,
1028 927 1124 995 πόλει
1148 930 1182 996 δὲ
1204 932 1272 1014 pei·
1381 1010 1382 1013 Ἴ

147 1043 230 1119 ζονι,
253 1045 304 1119 87,
320 1045 354 1101 2:
378 1028 518 1121 ἄκλητοι
541 1033 603 1118 μὲν
625 1025 682 1114 οὐ,
710 1034 988 1120 παρακληθέντες
1010 1033 1054 1098 δέ.
1100 1040 1159 1101 Sed
1181 1039 1272 1100 facile

147 1145 330 1222 intellegitur
352 1145 540 1225 negationem
565 1144 607 1202 sic
631 1162 668 1203 ex
692 1144 787 1204 libera
810 1148 900 1220 utque
923 1143 1101 1218 significanti
1121 1143 1272 1219 positione

148 1249 178 1306 in
201 1247 349 1323 principio
373 1246 518 1305 enuntiati
541 1245 619 1304 trudi
646 1247 870 1322 orationemque
894 1245 971 1305 omni
992 1247 1135 1305 varietate
1159 1263 1272 1306 carere.

148 1350 193 1409 Ac
216 1352 286 1408 sunt
307 1348 428 1425 quidem
457 1347 606 1424 exempla,
637 1348 686 1407 ubi
708 1341 769 1426 μέν
797 1366 862 1408 eum
890 1349 1050 1424 negatione
1077 1348 1271 1424 conjunctum
1391 1378 1393 1382 ·

149 1456 193 1512 est
216 1457 245 1512 et
268 1444 305 1510 δέ
331 1452 411 1529 quod
435 1452 571 1528 sequitur
598 1452 840 1529 supplementum
862 1452 1078 1511 affirmativum.
1095 1451 1190 1528 addit,
1217 1452 1272 1512 sed

149 1574 208 1615 non
232 1554 307 1615 adeo
331 1555 446 1632 crebra,
467 1555 608 1631 imprimis
631 1554 655 1614 si
678 1573 727 1614 res
750 1573 827 1632 quac
849 1560 976 1631 negatur
999 1558 1087 1614 antea
1105 1555 1168 1632 jam
1192 1573 1270 1614 com-

149 1661 311 1718 memorata
339 1662 400 1733 est,
430 1660 464 1717 ut
490 1659 610 1733 negatio
640 1677 700 1718 non
726 1658 854 1735 primum
882 1658 1005 1718 membri
1032 1660 1129 1718 locum
1161 1661 1271 1718 teneat.

149 1763 196 1824 Sic
219 1762 270 1838 qui
289 1761 370 1838 legit,
394 1779 461 1822 cum
483 1761 660 1836 particulam
676 1754 738 1838 μέν
758 1760 880 1837 invenit,
903 1764 1060 1837 exspectat
1074 1758 1194 1838 quidem
1218 1780 1271 1822 no·

150 1866 260 1924 tionem
279 1864 444 1940 oppositam
469 1866 561 1941 sequi,
584 1864 636 1923 sed
660 1862 793 1922 nondum
816 1863 873 1923 scit
894 1864 977 1940 prius
993 1863 1156 1922 membrum
1179 1882 1271 1941 nega·

151 1969 243 2027 tivum
260 1985 334 2041 esse,
358 1968 446 2026 immo
469 1987 530 2027 rem
548 1969 641 2045 ipsam
661 1985 720 2025 non
741 1967 853 2042 negari,
875 1966 927 2026 sed
944 1956 1272 2043 affirmari'exspeotat

149 2068 260 2147 quippe
289 2088 365 2146 quae
393 2075 519 2130 naturae
542 2071 585 2130 rei
616 2070 708 2145 magis
736 2069 909 2128 conveniat:
941 2069 983 2128 lll
1006 2071 1102 2145 tur:
1132 2060 1188 2126 ἐπὶ
1209 2062 1272 2144 μὲν

150 2163 214 2250 τήν
235 2160 338 2231 πόλιν
360 2156 424 2230 οὐκ
447 2161 632 2251 ἐτόλμησαν
655 2168 794 2231 πλεῦσαι
815 2167 1020 2250 κρατοῦντες
1042 2169 1082 2247 τῇ
1096 2165 1271 2252 ναυμαχίᾳ,
1344 2184 1346 2187 ·

149 2269 362 2353 τρισκαίδεκα
386 2269 421 2333 δὲ
448 2271 531 2344 ναῦς
554 2264 685 2352 ἔχοντες
713 2261 940 2333 ἀπέπλεοσανῑ
970 2273 1044 2332 illud
1067 2272 1181 2333 scilicet
1203 2279 1272 2350 post

150 2379 303 2437 victoriam
333 2381 564 2436 consentancum
593 2383 666 2437 erat.
703 2378 743 2436 IV
761 2381 829 2448 122,
846 2381 878 2436 5:
906 2367 938 2434 ci
962 2369 998 2434 δὲ
1021 2369 1096 2450 δίκῃ
1122 2369 1184 2453 μὲν
1207 2361 1271 2434 οὐκ

148 2468 278 2559 ἤθελον
293 2468 513 2551 κινδυνεύειν,
532 2464 728 2557 Ιστρατεύειν
743 2470 779 2537 δὲ
796 2466 841 2548 ὡς
856 2468 999 2555 τάχιοτα.
1046 2478 1191 2553 Exempla
1215 2497 1269 2537 nu-

151 2583 263 2641 meravi
293 2583 348 2641 tria
379 2585 409 2640 et
438 2581 711 2658 quad1·aginta.-
742 2583 837 2660 Etiam
865 2582 921 2640 hoc
950 2580 1060 2640 adnoto
1091 2581 1269 2657 plerumque

150 2685 307 2745 formulam
336 2704 401 2744 eum
425 2679 486 2763 μέν
511 2684 541 2745 in
568 2685 696 2760 simplici
723 2686 908 2788 narratiope,
938 2685 1000 2744 sine
1020 2678 1082 2760 μέν
1108 2684 1138 2742 in
1162 2682 1267 2743 oratio-

152 2788 239 2847 nibus
261 2788 328 2864 legi.
