2842 4620
1250 271 1290 328 57

50 454 53 459 ·
167 445 202 500 4;
234 436 313 497 Χῖοι
341 428 452 516 φόρου
478 424 539 516 οἰχ
566 421 744 507 ὑποτελεῖς
771 425 884 510 ὄντες,
915 434 996 508 ναῦς
1023 432 1058 495 δὲ
1077 432 1291 515 παρέχοντες

168 560 247 616 κτε,
277 544 304 602 II
327 548 378 603 37:
403 527 475 600 οὐδ’)
491 528 534 599 αὖ
558 531 642 599 κατά
664 536 795 614 πενίαν,
818 532 904 618 ἔχων
927 536 964 600 δέ
984 558 1016 599 τι
1032 571 1083 615 -,
1106 542 1187 618 quod
1210 542 1291 601 valet

166 640 269 724 πένης
291 639 352 723 μὲν
372 633 431 717 aiv,
460 645 496 704 ef.
517 645 531 704 Ι
551 648 650 720 95,7;
677 645 705 703 Π
726 648 823 721 90,6;
853 645 894 703 III
914 647 1007 720 83,1.
1031 648 1128 716 92,6;
1156 645 1198 704 IV
1213 647 1241 715 8,
1257 647 1290 720 83

169 755 217 828 38,
234 755 261 812 5.
285 753 335 826 93,
351 754 377 811 3.
404 753 520 825 124,1;
544 750 634 820 νει,
652 754 687 823 33
710 750 765 808 vu
787 752 836 823 ua,
853 753 888 823 ι,
910 748 983 807 vm
1005 752 1075 824 τοι,
1092 753 1118 808 1.
1161 741 1290 807 Μέντα

167 854 279 929 legitur
300 846 361 929 μίν
384 870 444 911 non
467 849 668 928 praecedente
690 851 733 910 IV
751 854 798 922 78,
815 855 848 911 4:
879 847 943 908 νῦν
966 844 1002 908 δὲ
1030 836 1187 908 ἀκόντων
1211 842 1290 909 ἐκεί-

168 971 238 1014 νων
262 939 326 1013 οάκ
349 941 391 1013 ἀν
413 952 608 1032 προελθεῖν,
636 938 678 1012 οὐ
699 947 814 1031 μέντοι
837 940 956 1028 ἀξιοῦν
978 970 1013 1032 χε
1037 947 1222 1032 εἴργεσθαι,
1253 953 1290 1012 ef.

166 1060 207 1118 VI
228 1062 278 1135 25,
295 1063 328 1134 2,
350 1058 421 1116 VIII
435 1060 492 1131 ¹84,
509 1062 535 1117 3.
580 1056 658 1116 Sane
682 1055 907 1116 eoncedendum
932 1061 989 1130 eet,
1020 1055 1044 1115 si
1066 1048 1127 1132 μέν
1155 1054 1289 1115 additum

166 1165 252 1233 esset,
283 1159 429 1219 neminem
460 1159 642 1217 offensurum
674 1175 746 1217 eene.
798 1157 894 1231 Quam
926 1157 1041 1216 ineerta
1071 1160 1134 1216 teta
1164 1175 1212 1216 nes
1236 1152 1290 1233 eit,

166 1263 254 1322 etiam
285 1281 320 1321 ex
345 1280 380 1321 eo
403 1266 544 1338 apparet,
574 1260 654 1337 quod
683 1261 712 1320 in
741 1259 871 1334 augendi
899 1263 928 1320 et
955 1259 1127 1332 corrigendi
1153 1258 1289 1319 formulis

165 1365 342 1441 plerumque
365 1363 485 1440 quidem
514 1362 642 1423 formula
663 1355 725 1439 μέν
748 1351 951 1439 -μάλιστα
974 1355 1010 1419 δέ
1032 1361 1202 1427 adhibetur,
1225 1362 1289 1421 sine

164 1461 225 1544 μέν
247 1471 346 1526 tamen
371 1466 414 1526 III
437 1469 506 1543 109,
522 1471 556 1536 2;
577 1467 632 1524 VII
652 1469 702 1542 80,
719 1471 752 1541 33
772 1466 843 1524 VIII
865 1468 959 1538 53,1.
983 1468 1031 1538 75,
1047 1468 1075 1540 5,
1103 1465 1141 1524 ef.
1162 1465 1219 1524 VII
1241 1469 1289 1541 10,
1352 1484 1354 1488 ·

166 1573 200 1630 5:
222 1559 311 1628 πολὺ
334 1553 362 1628 δ’
379 1558 427 1625 ἔτι
441 1563 552 1645 μείζοο,
576 1569 616 1628 ita
632 1564 754 1645 scilibet,
777 1571 810 1627 ut
825 1567 917 1627 verba
932 1556 1075 1644 μάλιστα
1092 1560 1129 1625 δέ
1144 1585 1289 1644 epexege-

165 1673 223 1732 tiee
245 1671 347 1731 addita
371 1688 437 1731 esse
461 1670 628 1730 videantur.
1136 1663 1139 1670 ’

250 1773 279 1834 Si
308 1774 359 1833 nni
383 1791 532 1850 personae
561 1773 608 1832 vel
630 1774 673 1833 rei
703 1774 791 1850 plura
818 1771 994 1849 praedicata
1023 1773 1210 1843 tribuuntur,
1237 1773 1288 1830 im·

163 1878 265 1954 primis
287 1877 317 1936 in
341 1876 542 1955 appositione,
571 1895 607 1936 ea
635 1881 664 1936 et
690 1895 745 1954 pen
767 1869 892 1954 μὲν-
914 1869 951 1933 δέ
977 1878 1007 1934 et
1029 1876 1156 1951 simplici
1179 1869 1215 1932 δέ
1241 1893 1288 1934 eo·

164 1981 315 2056 pulantur.
359 1980 426 2054 Qua
449 1979 486 2039 de
508 1998 540 2039 re
564 1999 591 2038 v.
611 1972 779 2041 Schneider*
798 1979 835 2037 ad
859 1979 948 2038 Isoer.
972 1982 1060 2054 9,14
1083 1981 1113 2037 et
1135 1980 1288 2037 Maetzner

164 2083 202 2140 ad
225 2082 348 2157 Antiph.
370 2100 397 2158 p.
421 2086 490 2143 133.
528 2083 614 2142 156:
638 2066 889 2151 Ποτειδαιάτας,
910 2074 1109 2157 Κορινθίων
1124 2066 1288 2150 ἀποίκους

164 2175 295 2242 ἑαυτῶν
323 2177 358 2242 δὲ
385 2172 589 2262 ξυμμάχους,
618 2184 659 2243 IV
677 2187 725 2259 29,
741 2189 774 2244 4:
803 2173 884 2253 τούς
911 2172 1083 2255 ἐλάσσους,
1112 2175 1289 2260 ἐμπείρους

164 2280 199 2346 σε
221 2284 278 2366 τῆς
298 2273 419 2364 χώρας,
444 2287 480 2346 ιι.
497 2288 511 2346 1
529 2292 577 2364 12,
593 2293 620 2349 3.
642 2292 690 2359 23,
708 2292 741 2363 ε,
764 2288 791 2346 11
808 2291 857 2365 εο,
874 2291 906 2362 ε,
929 2266 969 2346 iv
983 2292 1013 2357 τ;
1036 2288 1106 2345 vu1
1122 2290 1170 2348 ae.
1195 2291 1244 2364 ει,
1260 2292 1287 2347 a.

163 2390 309 2465 Exempla
331 2407 395 2448 eum
411 2382 472 2467 μέν
496 2409 521 2447 v.
544 2409 572 2467 p.
589 2394 646 2450 27..
661 2420 702 2430 -
726 2391 793 2449 Duo
816 2409 852 2449 ex
868 2390 926 2449 alio
942 2389 1105 2467 pendentia
1124 2390 1287 2460 enuntiata,

163 2510 289 2567 quorum
317 2509 409 2550 uuum
434 2493 557 2552 verbum
588 2494 713 2552 alteriue
745 2492 795 2551 uui
824 2493 994 2569 oppositum
1022 2497 1081 2565 eet,
1110 2492 1152 2551 sie
1175 2511 1229 2568 per
1252 2485 1288 2549 δέ

164 2594 302 2671 copulata
325 2600 396 2654 aunt
423 2595 465 2654 III
489 2598 558 2671 102,
581 2599 612 2655 5:
643 2579 756 2653 δεινὸν
779 2582 841 2674 γάρ
870 2580 913 2672 ἣν
940 2583 985 2672 μὴ
1012 2584 1161 2672 μεγάλου
1189 2580 1287 2662 ὄντος

162 2692 225 2754 τοῦ
246 2692 384 2775 τείχους,
408 2682 535 2775 ὀλίγων
558 2691 592 2755 δὲ
615 2694 686 2755 τῶν
711 2682 940 2775 ἀμυνομένων,
968 2698 982 2755 Ι
1005 2701 1053 2773 10,
1074 2701 1106 2757 2ε
1129 2691 1286 2755 Λακεδαι-

160 2794 291 2876 μονίαιν
313 2789 374 2879 γάρ
391 2793 419 2858 εί
436 2783 456 2878 ἡ
474 2789 573 2869 πόλις
589 2791 789 2878 ἐρημωθείη,
811 2793 965 2877 λειφθείη
989 2791 1023 2858 δὲ
1046 2784 1088 2857 τά
1112 2788 1184 2876 ίερά
1207 2815 1286 2872 κτε,

162 2902 199 2961 ef.
222 2903 308 2980 186,
331 2908 364 2978 1,
391 2903 432 2962 IV
449 2907 499 2963 51.
521 2934 563 2942 —
590 2904 684 2962 Aliter
715 2903 900 2962 enuntiatum
930 2901 1098 2961 absoletur
1125 2907 1216 2977 atque
1242 2901 1286 2959 in·

132 3032 135 3041 ·
164 3010 283 3082 ceptum
307 3009 353 3065 est
375 3005 538 3077 11167,4:
562 2998 681 3064 οίκτου
703 2990 876 3083 ἀξιώτεροι
896 2993 1073 3082 τυγχάνειν
1093 2995 1125 3061 οἱ
1141 2988 1287 3082 ἀπρεπές

161 3124 194 3165 τι
216 3092 402 3184 πάσχοντες
424 3104 496 3166 τῶν
512 3092 721 3185 ἀνθρώπων,
744 3099 777 3166 οἱ
794 3101 829 3167 δὲ
845 3101 982 3177 δικαίως
1003 3096 1045 3164 τά
1060 3099 1197 3165 ἐναντία
1220 3098 1287 3164 ἐπί·

160 3225 277 3287 χαρτοι
300 3197 384 3268 εἶναι
407 3229 462 3289 pne
483 3196 503 3289 ἢ
527 3202 559 3269 οί
582 3226 649 3268 κτε.

247 3313 531 3374 ὒοαιυιοαιοεαίίουυ
554 3313 584 3372 id
601 3330 722 3390 quoque
745 3312 868 3389 dignum
885 3316 930 3372 eet
952 3305 1013 3389 μεῗν
1036 3312 1139 3389 omitti,
1163 3313 1187 3371 ei
1210 3311 1284 3388 quid

160 3433 215 3492 pen
241 3405 304 3495 χάρ
332 3415 502 3492 explicatur
533 3418 582 3476 vel
611 3434 701 3475 eausa
728 3416 755 3474 ei
784 3414 920 3493 additur,
947 3416 994 3475 eui
1016 3418 1077 3474 tum
1102 3416 1283 3476 eontrarium

161 3521 337 3591 annectitur,
360 3520 402 3579 ita
424 3524 458 3578 ut
472 3522 588 3579 tantum
603 3520 688 3596 prius
704 3519 890 3578 enuntiatum
910 3519 1196 3595 argumentationem
1213 3536 1282 3577 een·

160 3623 262 3700 tineat,
279 3625 312 3681 ut
329 3623 370 3681 VI
385 3625 439 3683 49:
460 3610 569 3701 μάχην
584 3619 756 3680 ποιεῖσθαι
772 3610 833 3691 ἕως
849 3611 897 3679 ἔτι
914 3607 1140 3698 ἀπαράσκευοί
1156 3612 1217 3679 εἰσι
1233 3633 1283 3659 -·
1302 3659 1307 3671 .

162 3714 204 3783 τὸ
228 3715 444 3803 γάρπρῶτον
458 3721 527 3783 πᾶν
548 3715 737 3802 στράτευμα
753 3711 952 3783 δεινότατον
968 3712 1064 3781 εἶναι·
1088 3710 1130 3800 ἢν
1154 3716 1189 3780 δὲ
1210 3738 1284 3800 χρο-

163 3822 237 3903 νίση
260 3845 339 3900 aaa,
363 3827 398 3887 ef.
419 3828 461 3887 IV
478 3833 527 3904 26,
544 3832 574 3904 73
597 3828 626 3887 II
643 3832 691 3905 64,
708 3831 735 3888 5.
758 3829 858 3898 1121,
876 3832 902 3888 3.
924 3826 1064 3886 4.-VI
1082 3824 1165 3900 10,4
1188 3830 1284 3902 peste·

121 3980 125 3988 .
160 3927 400 4006 riusfmembrum
424 3934 512 3990 antea
534 3931 738 4008 comparativo
762 3916 863 4007 sineri
886 3927 1046 3988 iudieatum
1064 3932 1124 3988 est:
1146 3917 1208 3986 τὸν
1223 3943 1284 3986 πο·

159 4021 272 4109 λε’μιον
293 4021 485 4111 δεινότερον
507 4023 624 4110 ἕξομεν
649 4021 693 4112 μὴ
716 4023 839 4114 ῥαδίως
860 4016 952 4110 αὐτῷ
979 4021 1082 4090 πάλιν
1105 4016 1204 4110 αάσης
1225 4026 1284 4108 τῆς

159 4119 414 4214 ἀναχωρήσεως
443 4126 497 4194 ἐπὶ
519 4124 582 4214 γάρ
605 4141 677 4205 ταῖς
700 4128 820 4194 ναυσὶν
842 4125 959 4216 ῥᾷστοί
981 4127 1065 4193 εἰσιν
1088 4118 1273 4210 ἀμύνεσθαι

175 4221 351 4312 ’ποβάντες
375 4230 410 4295 δὲ
437 4228 473 4296 ἐν
495 4235 544 4318 τῷ
566 4229 627 4318 ίσῳ
648 4225 719 4317 ἤδη.
763 4237 793 4297 si
816 4236 951 4297 additum
977 4242 1056 4297 eeeet
1079 4237 1116 4297 ad
1139 4224 1244 4298 δεινάτ
