<?xml version="1.0" encoding="UTF-8"?>
<!DOCTYPE html PUBLIC "-//W3C//DTD XHTML 1.0 Transitional//EN"
    "http://www.w3.org/TR/xhtml1/DTD/xhtml1-transitional.dtd">
<html xmlns="http://www.w3.org/1999/xhtml" xml:lang="en" lang="en">
 <head>
  <title>
</title>
<meta http-equiv="Content-Type" content="text/html;charset=utf-8" />
  <meta name='ocr-system' content='tesseract 3.04.00' />
  <meta name='ocr-capabilities' content='ocr_page ocr_carea ocr_par ocr_line ocrx_word'/>
</head>
<body>
  <div class='ocr_page' id='page_1' title='image "./departicularumm00oeltgoog_0058.png"; bbox 0 0 2842 4620; ppageno 0'>
   <div class='ocr_carea' id='block_1_1' title="bbox 1234 248 1274 306">
    <p class='ocr_par' dir='ltr' id='par_1_1' title="bbox 1234 248 1274 306">
     <span class='ocr_line' id='line_1_1' title="bbox 1234 248 1274 306; baseline 0.05 -2"><span class='ocrx_word' id='word_1_1' title='bbox 1234 248 1274 306; x_wconf 82' lang='lat'><strong>53</strong></span> 
     </span>
    </p>
   </div>
   <div class='ocr_carea' id='block_1_2' title="bbox 155 407 1282 604">
    <p class='ocr_par' dir='ltr' id='par_1_2' title="bbox 155 407 1282 604">
     <span class='ocr_line' id='line_1_2' title="bbox 155 407 1282 493; baseline 0.005 -26"><span class='ocrx_word' id='word_1_2' title='bbox 155 407 308 484; x_wconf 89' lang='lat' dir='ltr'><strong>probatur,</strong></span> <span class='ocrx_word' id='word_1_3' title='bbox 332 410 360 466; x_wconf 91' lang='lat' dir='ltr'><strong>in</strong></span> <span class='ocrx_word' id='word_1_4' title='bbox 385 428 445 484; x_wconf 91' lang='lat' dir='ltr'><strong>qua</strong></span> <span class='ocrx_word' id='word_1_5' title='bbox 468 410 637 469; x_wconf 78' lang='lat' dir='ltr'><strong>Classeuius</strong></span> <span class='ocrx_word' id='word_1_6' title='bbox 660 411 746 473; x_wconf 88' lang='lat' dir='ltr'><strong>nimis</strong></span> <span class='ocrx_word' id='word_1_7' title='bbox 769 412 904 488; x_wconf 80' lang='lat' dir='ltr'><strong>quaesite</strong></span> <span class='ocrx_word' id='word_1_8' title='bbox 928 409 1149 489; x_wconf 74' lang='lat' dir='ltr'>responsionem</span> <span class='ocrx_word' id='word_1_9' title='bbox 1170 407 1199 472; x_wconf 84' lang='grc' dir='ltr'><strong><em>εἰ</em></strong></span> <span class='ocrx_word' id='word_1_10' title='bbox 1213 408 1282 493; x_wconf 74' lang='grc' dir='ltr'><strong>μὲν</strong></span> 
     </span>
     <span class='ocr_line' id='line_1_3' title="bbox 155 505 1274 604; baseline 0.01 -37"><span class='ocrx_word' id='word_1_11' title='bbox 155 541 196 551; x_wconf 90' lang='lat'><strong>—-</strong></span> <span class='ocrx_word' id='word_1_12' title='bbox 219 505 277 569; x_wconf 85' lang='grc' dir='ltr'><strong>καὶ</strong></span> <span class='ocrx_word' id='word_1_13' title='bbox 297 508 362 604; x_wconf 85' lang='grc' dir='ltr'><strong>νῦν</strong></span> <span class='ocrx_word' id='word_1_14' title='bbox 385 514 528 589; x_wconf 85' lang='lat' dir='ltr'><strong>explicat,</strong></span> <span class='ocrx_word' id='word_1_15' title='bbox 557 513 643 591; x_wconf 89' lang='lat' dir='ltr'><strong>cujus</strong></span> <span class='ocrx_word' id='word_1_16' title='bbox 666 516 801 591; x_wconf 87' lang='lat' dir='ltr'><strong>exempla</strong></span> <span class='ocrx_word' id='word_1_17' title='bbox 827 533 886 575; x_wconf 92' lang='lat' dir='ltr'><strong>uon</strong></span> <span class='ocrx_word' id='word_1_18' title='bbox 911 519 1036 576; x_wconf 83' lang='lat' dir='ltr'><strong>exstarit</strong></span> <span class='ocrx_word' id='word_1_19' title='bbox 1080 516 1138 577; x_wconf 86' lang='lat' dir='ltr'><strong>Sed</strong></span> <span class='ocrx_word' id='word_1_20' title='bbox 1165 518 1274 594; x_wconf 81' lang='lat' dir='ltr'><strong>legitur</strong></span> 
     </span>
    </p>
   </div>
   <div class='ocr_carea' id='block_1_3' title="bbox 155 605 743 866">
    <p class='ocr_par' dir='ltr' id='par_1_3' title="bbox 155 605 743 866">
     <span class='ocr_line' id='line_1_4' title="bbox 155 605 379 695; baseline 0 -22"><span class='ocrx_word' id='word_1_21' title='bbox 155 608 183 673; x_wconf 82' lang='grc' dir='ltr'><strong><em>εἰ</em></strong></span> <span class='ocrx_word' id='word_1_22' title='bbox 204 605 266 695; x_wconf 82' lang='grc' dir='ltr'><strong>γὰρ</strong></span> <span class='ocrx_word' id='word_1_23' title='bbox 289 606 379 695; x_wconf 78' lang='grc' dir='ltr'><strong><em>ἦμεν.</em></strong></span> 
     </span>
     <span class='ocr_line' id='line_1_5' title="bbox 687 802 743 866; baseline -0.018 0"><span class='ocrx_word' id='word_1_24' title='bbox 687 802 743 866; x_wconf 90' lang='lat' dir='ltr'><strong>XI.</strong></span> 
     </span>
    </p>
   </div>
   <div class='ocr_carea' id='block_1_4' title="bbox 153 918 1273 1522">
    <p class='ocr_par' dir='ltr' id='par_1_4' title="bbox 153 918 1273 1522">
     <span class='ocr_line' id='line_1_6' title="bbox 239 918 1271 1009; baseline 0.004 -24"><span class='ocrx_word' id='word_1_25' title='bbox 239 928 343 987; x_wconf 79' lang='lat' dir='ltr'><strong>Restat</strong></span> <span class='ocrx_word' id='word_1_26' title='bbox 367 929 399 985; x_wconf 91' lang='lat' dir='ltr'><strong>ut</strong></span> <span class='ocrx_word' id='word_1_27' title='bbox 422 926 563 986; x_wconf 81' lang='lat' dir='ltr'><strong>disseram</strong></span> <span class='ocrx_word' id='word_1_28' title='bbox 588 927 624 987; x_wconf 93' lang='lat' dir='ltr'><strong>de</strong></span> <span class='ocrx_word' id='word_1_29' title='bbox 641 927 855 1004; x_wconf 88' lang='lat' dir='ltr'><strong>particularum</strong></span> <span class='ocrx_word' id='word_1_30' title='bbox 873 926 1135 1006; x_wconf 89' lang='lat' dir='ltr'><strong>conjunctionibus</strong></span> <span class='ocrx_word' id='word_1_31' title='bbox 1149 918 1211 1007; x_wconf 77' lang='grc' dir='ltr'><strong>μέν</strong></span> <span class='ocrx_word' id='word_1_32' title='bbox 1227 949 1271 1009; x_wconf 82' lang='grc' dir='ltr'><strong>γε,</strong></span> 
     </span>
     <span class='ocr_line' id='line_1_7' title="bbox 153 1008 1273 1110; baseline 0.006 -25"><span class='ocrx_word' id='word_1_33' title='bbox 153 1022 213 1106; x_wconf 76' lang='grc' dir='ltr'><strong>μὲν</strong></span> <span class='ocrx_word' id='word_1_34' title='bbox 228 1008 302 1100; x_wconf 80' lang='grc' dir='ltr'><strong>οὖν,</strong></span> <span class='ocrx_word' id='word_1_35' title='bbox 324 1023 385 1106; x_wconf 76' lang='grc' dir='ltr'><strong>μὲν</strong></span> <span class='ocrx_word' id='word_1_36' title='bbox 402 1018 451 1109; x_wconf 76' lang='grc' dir='ltr'><strong>δή,</strong></span> <span class='ocrx_word' id='word_1_37' title='bbox 474 1013 503 1088; x_wconf 65' lang='lat' dir='ltr'><strong>‹l&#39;</strong></span> <span class='ocrx_word' id='word_1_38' title='bbox 519 1016 592 1101; x_wconf 83' lang='grc' dir='ltr'><strong>οὖν,</strong></span> <span class='ocrx_word' id='word_1_39' title='bbox 616 1015 645 1089; x_wconf 86' lang='lat' dir='ltr'><strong>d&#39;</strong></span> <span class='ocrx_word' id='word_1_40' title='bbox 661 1016 716 1088; x_wconf 79' lang='grc' dir='ltr'><strong>αὖ.</strong></span> <span class='ocrx_word' id='word_1_41' title='bbox 747 1031 925 1090; x_wconf 89' lang='lat' dir='ltr'><strong>Particulam</strong></span> <span class='ocrx_word' id='word_1_42' title='bbox 947 1020 982 1110; x_wconf 86' lang='grc' dir='ltr'><strong>γε’</strong></span> <span class='ocrx_word' id='word_1_43' title='bbox 1005 1034 1034 1091; x_wconf 93' lang='lat' dir='ltr'><strong>in</strong></span> <span class='ocrx_word' id='word_1_44' title='bbox 1057 1033 1112 1091; x_wconf 86' lang='lat' dir='ltr'><strong>hac</strong></span> <span class='ocrx_word' id='word_1_45' title='bbox 1131 1035 1273 1110; x_wconf 82' lang='lat' dir='ltr'><strong>conjunc·</strong></span> 
     </span>
     <span class='ocr_line' id='line_1_8' title="bbox 154 1122 1272 1213; baseline 0.004 -21"><span class='ocrx_word' id='word_1_46' title='bbox 154 1134 232 1192; x_wconf 89' lang='lat' dir='ltr'><strong>tione</strong></span> <span class='ocrx_word' id='word_1_47' title='bbox 255 1151 349 1209; x_wconf 84' lang='lat' dir='ltr'><strong>prope</strong></span> <span class='ocrx_word' id='word_1_48' title='bbox 373 1133 517 1192; x_wconf 90' lang='lat' dir='ltr'><strong>accedere</strong></span> <span class='ocrx_word' id='word_1_49' title='bbox 540 1132 578 1191; x_wconf 90' lang='lat' dir='ltr'><strong>ad</strong></span> <span class='ocrx_word' id='word_1_50' title='bbox 601 1135 778 1210; x_wconf 75' lang='lat' dir='ltr'><strong>particulam</strong></span> <span class='ocrx_word' id='word_1_51' title='bbox 799 1122 860 1213; x_wconf 82' lang='grc' dir='ltr'><strong>γάρ</strong></span> <span class='ocrx_word' id='word_1_52' title='bbox 884 1139 1013 1210; x_wconf 87' lang='lat' dir='ltr'><strong>constat;</strong></span> <span class='ocrx_word' id='word_1_53' title='bbox 1036 1139 1116 1195; x_wconf 90' lang='lat' dir='ltr'><strong>certe</strong></span> <span class='ocrx_word' id='word_1_54' title='bbox 1139 1137 1163 1194; x_wconf 89' lang='lat' dir='ltr'><strong>si</strong></span> <span class='ocrx_word' id='word_1_55' title='bbox 1187 1155 1272 1213; x_wconf 91' lang='lat' dir='ltr'><strong>prae·</strong></span> 
     </span>
     <span class='ocr_line' id='line_1_9' title="bbox 154 1234 1272 1314; baseline 0.004 -20"><span class='ocrx_word' id='word_1_56' title='bbox 154 1239 235 1295; x_wconf 84' lang='lat' dir='ltr'><strong>terea</strong></span> <span class='ocrx_word' id='word_1_57' title='bbox 258 1235 360 1311; x_wconf 91' lang='lat' dir='ltr'><strong>aliqua</strong></span> <span class='ocrx_word' id='word_1_58' title='bbox 377 1234 544 1295; x_wconf 86' lang='lat' dir='ltr'><strong>differentia</strong></span> <span class='ocrx_word' id='word_1_59' title='bbox 566 1237 651 1313; x_wconf 85' lang='lat' dir='ltr'><strong>inest,</strong></span> <span class='ocrx_word' id='word_1_60' title='bbox 673 1255 730 1296; x_wconf 93' lang='lat' dir='ltr'><strong>nou</strong></span> <span class='ocrx_word' id='word_1_61' title='bbox 755 1237 811 1295; x_wconf 90' lang='lat' dir='ltr'><strong>nisi</strong></span> <span class='ocrx_word' id='word_1_62' title='bbox 836 1256 944 1314; x_wconf 85' lang='lat' dir='ltr'><strong>magna</strong></span> <span class='ocrx_word' id='word_1_63' title='bbox 959 1238 1123 1297; x_wconf 84' lang='lat' dir='ltr'><strong>subtilitate</strong></span> <span class='ocrx_word' id='word_1_64' title='bbox 1143 1239 1272 1299; x_wconf 87' lang='lat' dir='ltr'><strong>inveniri</strong></span> 
     </span>
     <span class='ocr_line' id='line_1_10' title="bbox 153 1339 1273 1417; baseline 0.004 -20"><span class='ocrx_word' id='word_1_65' title='bbox 153 1341 259 1414; x_wconf 84' lang='lat' dir='ltr'><strong>potest,</strong></span> <span class='ocrx_word' id='word_1_66' title='bbox 283 1357 308 1396; x_wconf 84' lang='lat' dir='ltr'><strong>v.</strong></span> <span class='ocrx_word' id='word_1_67' title='bbox 328 1340 489 1397; x_wconf 85' lang='lat' dir='ltr'><strong>Buttmann</strong></span> <span class='ocrx_word' id='word_1_68' title='bbox 513 1339 551 1398; x_wconf 90' lang='lat' dir='ltr'><strong>ad</strong></span> <span class='ocrx_word' id='word_1_69' title='bbox 567 1339 721 1398; x_wconf 86' lang='lat' dir='ltr'><strong>Demosth.</strong></span> <span class='ocrx_word' id='word_1_70' title='bbox 737 1339 807 1398; x_wconf 89' lang='lat' dir='ltr'><strong>Mid.</strong></span> <span class='ocrx_word' id='word_1_71' title='bbox 828 1359 856 1415; x_wconf 89' lang='lat' dir='ltr'><strong>p.</strong></span> <span class='ocrx_word' id='word_1_72' title='bbox 870 1344 920 1401; x_wconf 89' lang='grc'><strong>46.</strong></span> <span class='ocrx_word' id='word_1_73' title='bbox 957 1340 1047 1417; x_wconf 81' lang='lat' dir='ltr'><strong>Apud</strong></span> <span class='ocrx_word' id='word_1_74' title='bbox 1063 1342 1273 1417; x_wconf 77' lang='lat' dir='ltr'><strong>Thucydidem</strong></span> 
     </span>
     <span class='ocr_line' id='line_1_11' title="bbox 154 1425 1272 1522; baseline 0.006 -24"><span class='ocrx_word' id='word_1_75' title='bbox 154 1425 1272 1522; x_wconf 52' lang='lat' dir='ltr'><strong>ummfflpnmmmamaumammam</strong></span> 
     </span>
    </p>
   </div>
   <div class='ocr_carea' id='block_1_5' title="bbox 150 1537 1320 2138">
    <p class='ocr_par' dir='ltr' id='par_1_5' title="bbox 150 1537 1320 2138">
     <span class='ocr_line' id='line_1_12' title="bbox 153 1537 1273 1625; baseline 0.002 -21"><span class='ocrx_word' id='word_1_76' title='bbox 153 1547 200 1620; x_wconf 86' lang='lat'><strong>86,</strong></span> <span class='ocrx_word' id='word_1_77' title='bbox 223 1549 257 1620; x_wconf 85' lang='lat'><strong>3,</strong></span> <span class='ocrx_word' id='word_1_78' title='bbox 283 1545 334 1620; x_wconf 92' lang='lat' dir='ltr'><strong>qui</strong></span> <span class='ocrx_word' id='word_1_79' title='bbox 357 1545 414 1603; x_wconf 92' lang='lat' dir='ltr'><strong>loci</strong></span> <span class='ocrx_word' id='word_1_80' title='bbox 437 1562 540 1603; x_wconf 89' lang='lat' dir='ltr'><strong>omnes</strong></span> <span class='ocrx_word' id='word_1_81' title='bbox 563 1563 600 1604; x_wconf 87' lang='lat' dir='ltr'><strong>ex</strong></span> <span class='ocrx_word' id='word_1_82' title='bbox 623 1545 807 1604; x_wconf 90' lang='lat' dir='ltr'><strong>orationibus</strong></span> <span class='ocrx_word' id='word_1_83' title='bbox 829 1549 907 1605; x_wconf 88' lang='lat' dir='ltr'><strong>sunt.</strong></span> <span class='ocrx_word' id='word_1_84' title='bbox 952 1547 1010 1606; x_wconf 88' lang='lat' dir='ltr'><strong>Res</strong></span> <span class='ocrx_word' id='word_1_85' title='bbox 1037 1565 1114 1624; x_wconf 89' lang='lat' dir='ltr'><strong>quae</strong></span> <span class='ocrx_word' id='word_1_86' title='bbox 1137 1566 1189 1623; x_wconf 89' lang='lat' dir='ltr'><strong>per</strong></span> <span class='ocrx_word' id='word_1_87' title='bbox 1210 1537 1273 1625; x_wconf 77' lang='grc' dir='ltr'><strong>μέν</strong></span> 
     </span>
     <span class='ocr_line' id='line_1_13' title="bbox 151 1632 1320 1733; baseline 0.005 -28"><span class='ocrx_word' id='word_1_88' title='bbox 151 1651 244 1733; x_wconf 80' lang='lat' dir='ltr'><strong>yset</strong></span> <span class='ocrx_word' id='word_1_89' title='bbox 268 1632 303 1705; x_wconf 70' lang='lat' dir='ltr'><strong>dd</strong></span> <span class='ocrx_word' id='word_1_90' title='bbox 330 1647 384 1707; x_wconf 87' lang='lat' dir='ltr'><strong>sibi</strong></span> <span class='ocrx_word' id='word_1_91' title='bbox 411 1652 621 1724; x_wconf 90' lang='lat' dir='ltr'><strong>opponuntur,</strong></span> <span class='ocrx_word' id='word_1_92' title='bbox 646 1648 793 1725; x_wconf 91' lang='lat' dir='ltr'><strong>judicium</strong></span> <span class='ocrx_word' id='word_1_93' title='bbox 824 1647 947 1724; x_wconf 88' lang='lat' dir='ltr'><strong>aliquod</strong></span> <span class='ocrx_word' id='word_1_94' title='bbox 978 1649 1014 1708; x_wconf 94' lang='lat' dir='ltr'><strong>de</strong></span> <span class='ocrx_word' id='word_1_95' title='bbox 1041 1649 1156 1710; x_wconf 91' lang='lat' dir='ltr'><strong>duabus</strong></span> <span class='ocrx_word' id='word_1_96' title='bbox 1181 1652 1272 1711; x_wconf 90' lang='lat' dir='ltr'><strong>rebus</strong></span> <span class='ocrx_word' id='word_1_97' title='bbox 1319 1721 1320 1725; x_wconf 7' lang='grc' dir='ltr'>η</span> 
     </span>
     <span class='ocr_line' id='line_1_14' title="bbox 151 1750 1271 1827; baseline 0.004 -18"><span class='ocrx_word' id='word_1_98' title='bbox 151 1754 240 1809; x_wconf 90' lang='lat' dir='ltr'><strong>antea</strong></span> <span class='ocrx_word' id='word_1_99' title='bbox 264 1750 328 1827; x_wconf 89' lang='lat' dir='ltr'><strong>jam</strong></span> <span class='ocrx_word' id='word_1_100' title='bbox 359 1751 520 1810; x_wconf 88' lang='lat' dir='ltr'><strong>nominatis</strong></span> <span class='ocrx_word' id='word_1_101' title='bbox 549 1751 700 1826; x_wconf 86' lang='lat' dir='ltr'><strong>explicant</strong></span> <span class='ocrx_word' id='word_1_102' title='bbox 729 1755 850 1826; x_wconf 90' lang='lat' dir='ltr'><strong>praeter</strong></span> <span class='ocrx_word' id='word_1_103' title='bbox 877 1751 982 1826; x_wconf 82' lang='lat'>1138,</span> <span class='ocrx_word' id='word_1_104' title='bbox 1013 1751 1061 1811; x_wconf 94' lang='lat' dir='ltr'><strong>nbi</strong></span> <span class='ocrx_word' id='word_1_105' title='bbox 1087 1753 1271 1813; x_wconf 90' lang='lat' dir='ltr'><strong>adverbum</strong></span> 
     </span>
     <span class='ocr_line' id='line_1_15' title="bbox 150 1846 1270 1930; baseline 0.005 -20"><span class='ocrx_word' id='word_1_106' title='bbox 150 1846 316 1922; x_wconf 79' lang='grc' dir='ltr'><strong><em>πλαίοτας</em></strong></span> <span class='ocrx_word' id='word_1_107' title='bbox 339 1851 550 1929; x_wconf 86' lang='lat' dir='ltr'><strong>exponendum</strong></span> <span class='ocrx_word' id='word_1_108' title='bbox 578 1852 716 1929; x_wconf 82' lang='lat' dir='ltr'><strong>singulae</strong></span> <span class='ocrx_word' id='word_1_109' title='bbox 739 1871 787 1911; x_wconf 89' lang='lat' dir='ltr'><strong>res</strong></span> <span class='ocrx_word' id='word_1_110' title='bbox 816 1857 1038 1912; x_wconf 83' lang='lat' dir='ltr'><strong>enumerantur.</strong></span> <span class='ocrx_word' id='word_1_111' title='bbox 1083 1852 1131 1912; x_wconf 83' lang='lat' dir='ltr'><strong>Sic</strong></span> <span class='ocrx_word' id='word_1_112' title='bbox 1154 1857 1166 1913; x_wconf 97' lang='lat' dir='ltr'><strong>l</strong></span> <span class='ocrx_word' id='word_1_113' title='bbox 1189 1860 1270 1930; x_wconf 83' lang='grc'>70,2</span> 
     </span>
     <span class='ocr_line' id='line_1_16' title="bbox 150 1939 1272 2037; baseline 0.002 -23"><span class='ocrx_word' id='word_1_114' title='bbox 150 1957 243 2016; x_wconf 88' lang='lat' dir='ltr'><strong>verba</strong></span> <span class='ocrx_word' id='word_1_115' title='bbox 272 1945 358 2034; x_wconf 81' lang='grc' dir='ltr'><strong><em>πρὸς</em></strong></span> <span class='ocrx_word' id='word_1_116' title='bbox 388 1946 482 2025; x_wconf 74' lang='grc' dir='ltr'><strong><em>οἴους</em></strong></span> <span class='ocrx_word' id='word_1_117' title='bbox 511 1943 589 2033; x_wconf 81' lang='grc' dir='ltr'><strong><em>ὑμῖν</em></strong></span> <span class='ocrx_word' id='word_1_118' title='bbox 619 1939 815 2033; x_wconf 64' lang='grc' dir='ltr'><strong><em>,Ἀθηναίους</em></strong></span> <span class='ocrx_word' id='word_1_119' title='bbox 845 1941 946 2025; x_wconf 76' lang='grc' dir='ltr'><strong><em>ὄντας</em></strong></span> <span class='ocrx_word' id='word_1_120' title='bbox 976 1951 1032 2014; x_wconf 86' lang='grc' dir='ltr'><strong>καὶ</strong></span> <span class='ocrx_word' id='word_1_121' title='bbox 1063 1943 1146 2016; x_wconf 82' lang='grc' dir='ltr'><strong><em>ὅσον</em></strong></span> <span class='ocrx_word' id='word_1_122' title='bbox 1176 1942 1272 2037; x_wconf 78' lang='grc' dir='ltr'><strong><em>ὑμῶν</em></strong></span> 
     </span>
     <span class='ocr_line' id='line_1_17' title="bbox 150 2041 1270 2138; baseline 0.004 -22"><span class='ocrx_word' id='word_1_123' title='bbox 150 2048 373 2137; x_wconf 80' lang='grc' dir='ltr'><strong><em>διαφέροντας</em></strong></span> <span class='ocrx_word' id='word_1_124' title='bbox 401 2041 419 2115; x_wconf 84' lang='lat' dir='ltr'><strong>d</strong></span> <span class='ocrx_word' id='word_1_125' title='bbox 444 2043 538 2138; x_wconf 73' lang='grc' dir='ltr'><strong><em>ἀγών</em></strong></span> <span class='ocrx_word' id='word_1_126' title='bbox 568 2047 666 2117; x_wconf 75' lang='grc' dir='ltr'><strong><em>ἔσται.</em></strong></span> <span class='ocrx_word' id='word_1_127' title='bbox 715 2049 754 2118; x_wconf 80' lang='grc' dir='ltr'><strong>Οἱ</strong></span> <span class='ocrx_word' id='word_1_128' title='bbox 782 2047 843 2137; x_wconf 80' lang='grc' dir='ltr'><strong>μέν</strong></span> <span class='ocrx_word' id='word_1_129' title='bbox 865 2075 900 2136; x_wconf 82' lang='grc' dir='ltr'><strong><em>γε</em></strong></span> <span class='ocrx_word' id='word_1_130' title='bbox 931 2055 1172 2137; x_wconf 80' lang='grc' dir='ltr'><strong><em>νεωτεροποιοὶ</em></strong></span> <span class='ocrx_word' id='word_1_131' title='bbox 1202 2078 1270 2120; x_wconf 90' lang='grc' dir='ltr'><strong><em>κτε.</em></strong></span> 
     </span>
    </p>
   </div>
   <div class='ocr_carea' id='block_1_6' title="bbox 150 2161 1272 2445">
    <p class='ocr_par' dir='ltr' id='par_1_6' title="bbox 150 2161 1272 2445">
     <span class='ocr_line' id='line_1_18' title="bbox 150 2161 1272 2237; baseline 0.004 -18"><span class='ocrx_word' id='word_1_132' title='bbox 150 2162 335 2237; x_wconf 88' lang='lat' dir='ltr'><strong>praeclaram</strong></span> <span class='ocrx_word' id='word_1_133' title='bbox 358 2161 435 2220; x_wconf 91' lang='lat' dir='ltr'><strong>illam</strong></span> <span class='ocrx_word' id='word_1_134' title='bbox 460 2161 659 2221; x_wconf 86' lang='lat' dir='ltr'><strong>differentium</strong></span> <span class='ocrx_word' id='word_1_135' title='bbox 683 2161 761 2220; x_wconf 90' lang='lat' dir='ltr'><strong>inter</strong></span> <span class='ocrx_word' id='word_1_136' title='bbox 783 2161 1035 2221; x_wconf 89' lang='lat' dir='ltr'><strong>Lacedaemonios</strong></span> <span class='ocrx_word' id='word_1_137' title='bbox 1058 2166 1088 2222; x_wconf 90' lang='lat' dir='ltr'><strong>et</strong></span> <span class='ocrx_word' id='word_1_138' title='bbox 1110 2163 1272 2224; x_wconf 83' lang='lat' dir='ltr'><strong>Athenien·</strong></span> 
     </span>
     <span class='ocr_line' id='line_1_19' title="bbox 150 2264 1059 2342; baseline 0 -18"><span class='ocrx_word' id='word_1_139' title='bbox 150 2283 197 2325; x_wconf 88' lang='lat' dir='ltr'><strong>ses</strong></span> <span class='ocrx_word' id='word_1_140' title='bbox 221 2283 336 2325; x_wconf 87' lang='lat' dir='ltr'><strong>morum</strong></span> <span class='ocrx_word' id='word_1_141' title='bbox 360 2268 451 2341; x_wconf 90' lang='lat' dir='ltr'><strong>atque</strong></span> <span class='ocrx_word' id='word_1_142' title='bbox 473 2266 583 2342; x_wconf 86' lang='lat' dir='ltr'><strong>ingenii</strong></span> <span class='ocrx_word' id='word_1_143' title='bbox 606 2265 833 2342; x_wconf 83' lang='lat' dir='ltr'><strong>descriptionem</strong></span> <span class='ocrx_word' id='word_1_144' title='bbox 856 2264 1059 2325; x_wconf 89' lang='lat' dir='ltr'><strong>introducunt.</strong></span> 
     </span>
     <span class='ocr_line' id='line_1_20' title="bbox 166 2353 1271 2445; baseline 0.004 -19"><span class='ocrx_word' id='word_1_145' title='bbox 166 2398 171 2412; x_wconf 91' lang='lat'><strong>·</strong></span> <span class='ocrx_word' id='word_1_146' title='bbox 240 2369 337 2427; x_wconf 88' lang='lat' dir='ltr'><strong>Multo</strong></span> <span class='ocrx_word' id='word_1_147' title='bbox 359 2368 447 2428; x_wconf 88' lang='lat' dir='ltr'><strong>latius</strong></span> <span class='ocrx_word' id='word_1_148' title='bbox 470 2368 682 2445; x_wconf 89' lang='lat' dir='ltr'><strong>particularum</strong></span> <span class='ocrx_word' id='word_1_149' title='bbox 698 2360 759 2445; x_wconf 74' lang='grc' dir='ltr'><strong>μὲν</strong></span> <span class='ocrx_word' id='word_1_150' title='bbox 774 2353 836 2426; x_wconf 78' lang='grc' dir='ltr'><strong>οὖν</strong></span> <span class='ocrx_word' id='word_1_151' title='bbox 857 2386 929 2428; x_wconf 87' lang='lat' dir='ltr'><strong>usus</strong></span> <span class='ocrx_word' id='word_1_152' title='bbox 951 2372 1041 2444; x_wconf 86' lang='lat' dir='ltr'><strong>patet,</strong></span> <span class='ocrx_word' id='word_1_153' title='bbox 1063 2387 1138 2445; x_wconf 91' lang='lat' dir='ltr'><strong>quas</strong></span> <span class='ocrx_word' id='word_1_154' title='bbox 1160 2371 1217 2428; x_wconf 89' lang='lat' dir='ltr'><strong>iam</strong></span> <span class='ocrx_word' id='word_1_155' title='bbox 1240 2371 1271 2430; x_wconf 90' lang='lat' dir='ltr'><strong>in</strong></span> 
     </span>
    </p>
   </div>
   <div class='ocr_carea' id='block_1_7' title="bbox 150 2471 1358 2549">
    <p class='ocr_par' dir='ltr' id='par_1_7' title="bbox 150 2471 1358 2549">
     <span class='ocr_line' id='line_1_21' title="bbox 150 2471 1358 2549; baseline 0.001 -17"><span class='ocrx_word' id='word_1_156' title='bbox 150 2471 468 2548; x_wconf 84' lang='lat' dir='ltr'><strong>comprehensionibus</strong></span> <span class='ocrx_word' id='word_1_157' title='bbox 486 2477 515 2530; x_wconf 88' lang='lat' dir='ltr'><strong>st</strong></span> <span class='ocrx_word' id='word_1_158' title='bbox 530 2471 762 2546; x_wconf 81' lang='lat' dir='ltr'><strong>transitionibus,</strong></span> <span class='ocrx_word' id='word_1_159' title='bbox 778 2471 835 2531; x_wconf 88' lang='lat' dir='ltr'><strong>ubi</strong></span> <span class='ocrx_word' id='word_1_160' title='bbox 844 2471 1007 2549; x_wconf 86' lang='lat' dir='ltr'><strong>praecipue</strong></span> <span class='ocrx_word' id='word_1_161' title='bbox 1019 2472 1206 2547; x_wconf 86' lang='lat' dir='ltr'><strong>adhibentur,</strong></span> <span class='ocrx_word' id='word_1_162' title='bbox 1222 2492 1269 2535; x_wconf 93' lang='lat' dir='ltr'><strong>co·</strong></span> <span class='ocrx_word' id='word_1_163' title='bbox 1356 2542 1358 2546; x_wconf 47' lang='grc'>,</span> 
     </span>
    </p>
   </div>
   <div class='ocr_carea' id='block_1_8' title="bbox 81 2558 1356 4303">
    <p class='ocr_par' dir='ltr' id='par_1_8' title="bbox 81 2558 1356 4303">
     <span class='ocr_line' id='line_1_22' title="bbox 153 2558 1269 2652; baseline 0.003 -19"><span class='ocrx_word' id='word_1_164' title='bbox 153 2573 318 2650; x_wconf 85' lang='lat' dir='ltr'><strong>guovimus.</strong></span> <span class='ocrx_word' id='word_1_165' title='bbox 344 2575 504 2633; x_wconf 87' lang='lat' dir='ltr'><strong>Praeterea</strong></span> <span class='ocrx_word' id='word_1_166' title='bbox 514 2566 575 2649; x_wconf 71' lang='grc' dir='ltr'><strong>μὲν</strong></span> <span class='ocrx_word' id='word_1_167' title='bbox 587 2558 650 2631; x_wconf 77' lang='grc' dir='ltr'><strong>οὖν</strong></span> <span class='ocrx_word' id='word_1_168' title='bbox 665 2573 762 2633; x_wconf 91' lang='lat' dir='ltr'><strong>locum</strong></span> <span class='ocrx_word' id='word_1_169' title='bbox 774 2577 864 2646; x_wconf 87' lang='lat' dir='ltr'><strong>tenet,</strong></span> <span class='ocrx_word' id='word_1_170' title='bbox 881 2575 905 2633; x_wconf 91' lang='lat' dir='ltr'><strong>si</strong></span> <span class='ocrx_word' id='word_1_171' title='bbox 920 2592 956 2634; x_wconf 85' lang='lat' dir='ltr'><strong>ex</strong></span> <span class='ocrx_word' id='word_1_172' title='bbox 969 2576 1131 2652; x_wconf 88' lang='lat' dir='ltr'><strong>enuntiato,</strong></span> <span class='ocrx_word' id='word_1_173' title='bbox 1146 2595 1205 2652; x_wconf 94' lang='lat' dir='ltr'><strong>quo</strong></span> <span class='ocrx_word' id='word_1_174' title='bbox 1222 2595 1269 2637; x_wconf 89' lang='lat' dir='ltr'><strong>res</strong></span> 
     </span>
     <span class='ocr_line' id='line_1_23' title="bbox 150 2676 1267 2754; baseline 0.003 -19"><span class='ocrx_word' id='word_1_175' title='bbox 150 2677 179 2735; x_wconf 91' lang='lat' dir='ltr'><strong>iu</strong></span> <span class='ocrx_word' id='word_1_176' title='bbox 196 2678 366 2737; x_wconf 82' lang='lat' dir='ltr'><strong>universum</strong></span> <span class='ocrx_word' id='word_1_177' title='bbox 379 2678 441 2754; x_wconf 90' lang='lat' dir='ltr'><strong>jam</strong></span> <span class='ocrx_word' id='word_1_178' title='bbox 459 2681 686 2736; x_wconf 88' lang='lat' dir='ltr'><strong>commemorata</strong></span> <span class='ocrx_word' id='word_1_179' title='bbox 702 2680 755 2749; x_wconf 81' lang='lat' dir='ltr'><strong>est,</strong></span> <span class='ocrx_word' id='word_1_180' title='bbox 778 2677 922 2736; x_wconf 87' lang='lat' dir='ltr'><strong>transitus</strong></span> <span class='ocrx_word' id='word_1_181' title='bbox 937 2676 970 2736; x_wconf 88' lang='lat' dir='ltr'><strong>fit</strong></span> <span class='ocrx_word' id='word_1_182' title='bbox 992 2678 1029 2736; x_wconf 90' lang='lat' dir='ltr'><strong>ad</strong></span> <span class='ocrx_word' id='word_1_183' title='bbox 1051 2680 1267 2738; x_wconf 89' lang='lat' dir='ltr'><strong>accuratiorem</strong></span> 
     </span>
     <span class='ocr_line' id='line_1_24' title="bbox 148 2758 1268 2860; baseline 0 -20"><span class='ocrx_word' id='word_1_184' title='bbox 148 2780 283 2859; x_wconf 80' lang='lat' dir='ltr'><strong>ejusdem</strong></span> <span class='ocrx_word' id='word_1_185' title='bbox 301 2780 585 2857; x_wconf 65' lang='lat' dir='ltr'><strong>reihxpositionem,</strong></span> <span class='ocrx_word' id='word_1_186' title='bbox 600 2780 650 2839; x_wconf 90' lang='lat' dir='ltr'><strong>ubi</strong></span> <span class='ocrx_word' id='word_1_187' title='bbox 667 2758 729 2837; x_wconf 83' lang='grc' dir='ltr'><strong>οὖν</strong></span> <span class='ocrx_word' id='word_1_188' title='bbox 744 2779 805 2839; x_wconf 87' lang='lat' dir='ltr'><strong>fere</strong></span> <span class='ocrx_word' id='word_1_189' title='bbox 818 2780 877 2838; x_wconf 88' lang='lat' dir='ltr'><strong>vim</strong></span> <span class='ocrx_word' id='word_1_190' title='bbox 893 2780 1004 2840; x_wconf 90' lang='lat' dir='ltr'><strong>latinae</strong></span> <span class='ocrx_word' id='word_1_191' title='bbox 1017 2780 1182 2856; x_wconf 89' lang='lat' dir='ltr'><strong>particulae</strong></span> <span class='ocrx_word' id='word_1_192' title='bbox 1197 2782 1268 2860; x_wconf 78' lang='lat' dir='ltr'><strong>„igi-</strong></span> 
     </span>
     <span class='ocr_line' id='line_1_25' title="bbox 147 2882 1356 2960; baseline 0.001 -16"><span class='ocrx_word' id='word_1_193' title='bbox 147 2884 216 2944; x_wconf 81' lang='lat' dir='ltr'><strong>tur“</strong></span> <span class='ocrx_word' id='word_1_194' title='bbox 241 2883 345 2958; x_wconf 84' lang='lat' dir='ltr'><strong>habet,</strong></span> <span class='ocrx_word' id='word_1_195' title='bbox 376 2901 436 2960; x_wconf 87' lang='lat' dir='ltr'><strong>qua</strong></span> <span class='ocrx_word' id='word_1_196' title='bbox 461 2882 611 2942; x_wconf 88' lang='lat' dir='ltr'><strong>indicatur</strong></span> <span class='ocrx_word' id='word_1_197' title='bbox 640 2882 856 2959; x_wconf 83' lang='lat' dir='ltr'><strong>expositionem</strong></span> <span class='ocrx_word' id='word_1_198' title='bbox 885 2902 902 2941; x_wconf 89' lang='lat' dir='ltr'><strong>a</strong></span> <span class='ocrx_word' id='word_1_199' title='bbox 927 2883 1038 2943; x_wconf 88' lang='lat' dir='ltr'><strong>lectore</strong></span> <span class='ocrx_word' id='word_1_200' title='bbox 1065 2889 1267 2959; x_wconf 83' lang='lat' dir='ltr'><strong>exspectatam</strong></span> <span class='ocrx_word' id='word_1_201' title='bbox 1354 2949 1356 2952; x_wconf 71' lang='grc'>,</span> 
     </span>
     <span class='ocr_line' id='line_1_26' title="bbox 149 2969 1268 3064; baseline -0.001 -17"><span class='ocrx_word' id='word_1_202' title='bbox 149 3002 227 3059; x_wconf 86' lang='lat' dir='ltr'><strong>esse,</strong></span> <span class='ocrx_word' id='word_1_203' title='bbox 249 3005 278 3046; x_wconf 83' lang='lat' dir='ltr'><strong>v.</strong></span> <span class='ocrx_word' id='word_1_204' title='bbox 300 2969 416 3046; x_wconf 74' lang='lat' dir='ltr'><strong>Blauml</strong></span> <span class='ocrx_word' id='word_1_205' title='bbox 438 3005 467 3062; x_wconf 93' lang='lat' dir='ltr'><strong>p.</strong></span> <span class='ocrx_word' id='word_1_206' title='bbox 489 2989 565 3060; x_wconf 78' lang='lat'>1813</span> <span class='ocrx_word' id='word_1_207' title='bbox 594 2990 627 3045; x_wconf 92' lang='lat' dir='ltr'><strong>ut</strong></span> <span class='ocrx_word' id='word_1_208' title='bbox 648 2987 676 3045; x_wconf 90' lang='lat' dir='ltr'><strong>Il</strong></span> <span class='ocrx_word' id='word_1_209' title='bbox 698 2990 745 3057; x_wconf 77' lang='lat'><strong>75,</strong></span> <span class='ocrx_word' id='word_1_210' title='bbox 767 2991 802 3046; x_wconf 86' lang='grc'><strong>2;</strong></span> <span class='ocrx_word' id='word_1_211' title='bbox 829 2982 924 3064; x_wconf 80' lang='grc' dir='ltr'><strong><em>χῶμα</em></strong></span> <span class='ocrx_word' id='word_1_212' title='bbox 953 2975 1069 3063; x_wconf 75' lang='grc' dir='ltr'><strong><em>ἐ’χουν·</em></strong></span> <span class='ocrx_word' id='word_1_213' title='bbox 1097 2976 1183 3062; x_wconf 75' lang='grc' dir='ltr'><strong>ξύλα</strong></span> <span class='ocrx_word' id='word_1_214' title='bbox 1208 2981 1268 3064; x_wconf 81' lang='grc' dir='ltr'><strong>μὲν</strong></span> 
     </span>
     <span class='ocr_line' id='line_1_27' title="bbox 146 3068 1267 3168; baseline 0.003 -20"><span class='ocrx_word' id='word_1_215' title='bbox 146 3068 211 3148; x_wconf 76' lang='grc' dir='ltr'><strong>οὖν</strong></span> <span class='ocrx_word' id='word_1_216' title='bbox 231 3079 408 3168; x_wconf 77' lang='grc' dir='ltr'><strong><em>τέμνοντες</em></strong></span> <span class='ocrx_word' id='word_1_217' title='bbox 431 3121 472 3128; x_wconf 87' lang='grc'><strong>-</strong></span> <span class='ocrx_word' id='word_1_218' title='bbox 494 3078 767 3167; x_wconf 81' lang='grc' dir='ltr'><strong><em>παρῳκοδόμουν</em></strong></span> <span class='ocrx_word' id='word_1_219' title='bbox 789 3105 868 3160; x_wconf 71' lang='grc' dir='ltr'><strong><em>ατε,</em></strong></span> <span class='ocrx_word' id='word_1_220' title='bbox 896 3087 931 3147; x_wconf 86' lang='lat' dir='ltr'><strong>of.</strong></span> <span class='ocrx_word' id='word_1_221' title='bbox 953 3089 995 3148; x_wconf 92' lang='lat' dir='ltr'><strong>IV</strong></span> <span class='ocrx_word' id='word_1_222' title='bbox 1013 3093 1081 3159; x_wconf 88' lang='lat'>110,</span> <span class='ocrx_word' id='word_1_223' title='bbox 1098 3094 1124 3149; x_wconf 82' lang='lat'><strong>2.</strong></span> <span class='ocrx_word' id='word_1_224' title='bbox 1151 3095 1219 3166; x_wconf 89' lang='grc'><strong>112,</strong></span> <span class='ocrx_word' id='word_1_225' title='bbox 1236 3097 1267 3166; x_wconf 80' lang='grc'><strong>2,</strong></span> 
     </span>
     <span class='ocr_line' id='line_1_28' title="bbox 147 3180 1268 3271; baseline 0.004 -20"><span class='ocrx_word' id='word_1_226' title='bbox 147 3194 189 3251; x_wconf 90' lang='lat' dir='ltr'><strong>Vl</strong></span> <span class='ocrx_word' id='word_1_227' title='bbox 209 3197 303 3271; x_wconf 84' lang='lat'>30,1,</span> <span class='ocrx_word' id='word_1_228' title='bbox 325 3197 355 3253; x_wconf 90' lang='lat' dir='ltr'><strong>et</strong></span> <span class='ocrx_word' id='word_1_229' title='bbox 370 3192 562 3269; x_wconf 84' lang='lat' dir='ltr'><strong>singulariter</strong></span> <span class='ocrx_word' id='word_1_230' title='bbox 578 3193 673 3251; x_wconf 90' lang='lat' dir='ltr'><strong>medio</strong></span> <span class='ocrx_word' id='word_1_231' title='bbox 689 3191 718 3250; x_wconf 91' lang='lat' dir='ltr'><strong>iu</strong></span> <span class='ocrx_word' id='word_1_232' title='bbox 736 3192 888 3250; x_wconf 87' lang='lat' dir='ltr'><strong>enuntiato</strong></span> <span class='ocrx_word' id='word_1_233' title='bbox 911 3192 954 3250; x_wconf 93' lang='lat' dir='ltr'><strong>lll</strong></span> <span class='ocrx_word' id='word_1_234' title='bbox 976 3195 1045 3265; x_wconf 89' lang='lat'>101,</span> <span class='ocrx_word' id='word_1_235' title='bbox 1061 3198 1096 3253; x_wconf 80' lang='lat'><strong>2:</strong></span> <span class='ocrx_word' id='word_1_236' title='bbox 1118 3180 1268 3256; x_wconf 68' lang='grc' dir='ltr'><strong><em>καὶτοὺς</em></strong></span> 
     </span>
     <span class='ocr_line' id='line_1_29' title="bbox 148 3277 1265 3373; baseline 0.002 -21"><span class='ocrx_word' id='word_1_237' title='bbox 148 3284 274 3366; x_wconf 71' lang='grc' dir='ltr'><strong><em>ἄλλους</em></strong></span> <span class='ocrx_word' id='word_1_238' title='bbox 295 3286 432 3354; x_wconf 74' lang='grc' dir='ltr'><strong><em>ἔπεισαν</em></strong></span> <span class='ocrx_word' id='word_1_239' title='bbox 448 3325 489 3335; x_wconf 91' lang='lat'>-</span> <span class='ocrx_word' id='word_1_240' title='bbox 503 3289 643 3372; x_wconf 78' lang='grc' dir='ltr'><strong><em>πρῶτον</em></strong></span> <span class='ocrx_word' id='word_1_241' title='bbox 663 3287 723 3372; x_wconf 80' lang='grc' dir='ltr'><strong>μὲν</strong></span> <span class='ocrx_word' id='word_1_242' title='bbox 743 3280 807 3352; x_wconf 81' lang='grc' dir='ltr'><strong>οὖν</strong></span> <span class='ocrx_word' id='word_1_243' title='bbox 828 3284 909 3364; x_wconf 75' lang='grc' dir='ltr'><strong>τούς</strong></span> <span class='ocrx_word' id='word_1_244' title='bbox 925 3277 1070 3373; x_wconf 80' lang='grc' dir='ltr'><strong><em>ὁμόρους</em></strong></span> <span class='ocrx_word' id='word_1_245' title='bbox 1084 3328 1127 3335; x_wconf 91' lang='lat'><strong>—-</strong></span> <span class='ocrx_word' id='word_1_246' title='bbox 1143 3287 1265 3368; x_wconf 74' lang='grc' dir='ltr'><strong>&gt;ἔπειτα,</strong></span> 
     </span>
     <span class='ocr_line' id='line_1_30' title="bbox 144 3377 1266 3476; baseline -0.002 -14"><span class='ocrx_word' id='word_1_247' title='bbox 144 3407 177 3462; x_wconf 85' lang='lat' dir='ltr'><strong>et</strong></span> <span class='ocrx_word' id='word_1_248' title='bbox 199 3400 334 3460; x_wconf 86' lang='lat' dir='ltr'><strong>1v1o4:</strong></span> <span class='ocrx_word' id='word_1_249' title='bbox 356 3387 499 3476; x_wconf 80' lang='grc' dir='ltr'><strong><em>μάλιστα</em></strong></span> <span class='ocrx_word' id='word_1_250' title='bbox 513 3377 671 3475; x_wconf 54' lang='grc' dir='ltr'><strong><em>μὲν-οὖα·</em></strong></span> <span class='ocrx_word' id='word_1_251' title='bbox 698 3399 727 3456; x_wconf 94' lang='lat' dir='ltr'><strong>in</strong></span> <span class='ocrx_word' id='word_1_252' title='bbox 752 3399 906 3457; x_wconf 88' lang='lat' dir='ltr'><strong>enuntiato</strong></span> <span class='ocrx_word' id='word_1_253' title='bbox 929 3400 1102 3458; x_wconf 90' lang='lat' dir='ltr'><strong>concessivo</strong></span> <span class='ocrx_word' id='word_1_254' title='bbox 1126 3400 1217 3469; x_wconf 79' lang='lat'>1144,</span> <span class='ocrx_word' id='word_1_255' title='bbox 1235 3404 1266 3460; x_wconf 85' lang='grc'><strong>2;</strong></span> 
     </span>
     <span class='ocr_line' id='line_1_31' title="bbox 146 3479 1267 3582; baseline -0.002 -21"><span class='ocrx_word' id='word_1_256' title='bbox 146 3491 446 3582; x_wconf 71' lang='grc' dir='ltr'><strong><em>παραμοθὴοομαι·</em></strong></span> <span class='ocrx_word' id='word_1_257' title='bbox 462 3531 505 3541; x_wconf 90' lang='grc'>-</span> <span class='ocrx_word' id='word_1_258' title='bbox 525 3489 587 3578; x_wconf 83' lang='grc' dir='ltr'><strong>γάρ</strong></span> <span class='ocrx_word' id='word_1_259' title='bbox 602 3533 652 3557; x_wconf 90' lang='grc'><strong>-.</strong></span> <span class='ocrx_word' id='word_1_260' title='bbox 690 3489 851 3559; x_wconf 76' lang='grc' dir='ltr'><strong><em>Χαλεπὸν</em></strong></span> <span class='ocrx_word' id='word_1_261' title='bbox 871 3492 932 3577; x_wconf 81' lang='grc' dir='ltr'><strong>μὲν</strong></span> <span class='ocrx_word' id='word_1_262' title='bbox 952 3479 1014 3559; x_wconf 79' lang='grc' dir='ltr'><strong>οὖν</strong></span> <span class='ocrx_word' id='word_1_263' title='bbox 1037 3487 1111 3558; x_wconf 84' lang='grc' dir='ltr'><strong><em>οἶδα</em></strong></span> <span class='ocrx_word' id='word_1_264' title='bbox 1133 3494 1267 3559; x_wconf 77' lang='grc' dir='ltr'><strong><em>πείθειν</em></strong></span> 
     </span>
     <span class='ocr_line' id='line_1_32' title="bbox 147 3589 1297 3690; baseline -0.002 -27"><span class='ocrx_word' id='word_1_265' title='bbox 147 3592 187 3663; x_wconf 85' lang='grc' dir='ltr'><strong>ὅν</strong></span> <span class='ocrx_word' id='word_1_266' title='bbox 210 3635 253 3646; x_wconf 92' lang='lat'><em>-</em></span> <span class='ocrx_word' id='word_1_267' title='bbox 275 3610 450 3684; x_wconf 79' lang='grc' dir='ltr'><strong><em>καρτερεῖν</em></strong></span> <span class='ocrx_word' id='word_1_268' title='bbox 474 3596 508 3663; x_wconf 77' lang='grc' dir='ltr'><strong>δὲ</strong></span> <span class='ocrx_word' id='word_1_269' title='bbox 528 3589 600 3683; x_wconf 79' lang='grc' dir='ltr'><strong>χρή,</strong></span> <span class='ocrx_word' id='word_1_270' title='bbox 624 3602 662 3663; x_wconf 86' lang='lat' dir='ltr'><strong>cf.</strong></span> <span class='ocrx_word' id='word_1_271' title='bbox 681 3604 724 3663; x_wconf 85' lang='grc' dir='ltr'><strong>ΙΙΙ</strong></span> <span class='ocrx_word' id='word_1_272' title='bbox 741 3608 790 3680; x_wconf 91' lang='grc'><strong>22,</strong></span> <span class='ocrx_word' id='word_1_273' title='bbox 806 3608 832 3664; x_wconf 90' lang='grc'><strong>6.</strong></span> <span class='ocrx_word' id='word_1_274' title='bbox 878 3606 923 3663; x_wconf 88' lang='lat' dir='ltr'><strong>lla</strong></span> <span class='ocrx_word' id='word_1_275' title='bbox 946 3604 1071 3663; x_wconf 90' lang='lat' dir='ltr'><strong>oonsilio</strong></span> <span class='ocrx_word' id='word_1_276' title='bbox 1095 3609 1182 3681; x_wconf 88' lang='lat' dir='ltr'><strong>capto</strong></span> <span class='ocrx_word' id='word_1_277' title='bbox 1204 3597 1266 3680; x_wconf 79' lang='grc' dir='ltr'><strong>μὲν</strong></span> <span class='ocrx_word' id='word_1_278' title='bbox 1295 3684 1297 3690; x_wconf 28' lang='grc' dir='ltr'>Ι</span> 
     </span>
     <span class='ocr_line' id='line_1_33' title="bbox 145 3688 1266 3785; baseline -0.003 -18"><span class='ocrx_word' id='word_1_279' title='bbox 145 3688 211 3767; x_wconf 74' lang='grc' dir='ltr'><strong>οὖν</strong></span> <span class='ocrx_word' id='word_1_280' title='bbox 233 3688 360 3785; x_wconf 85' lang='lat' dir='ltr'><strong>primum</strong></span> <span class='ocrx_word' id='word_1_281' title='bbox 384 3707 580 3784; x_wconf 87' lang='lat' dir='ltr'><strong>expositionis</strong></span> <span class='ocrx_word' id='word_1_282' title='bbox 602 3706 743 3783; x_wconf 82' lang='lat' dir='ltr'><strong>gradum,</strong></span> <span class='ocrx_word' id='word_1_283' title='bbox 774 3695 809 3763; x_wconf 78' lang='grc' dir='ltr'><strong>δέ</strong></span> <span class='ocrx_word' id='word_1_284' title='bbox 837 3707 880 3766; x_wconf 90' lang='lat' dir='ltr'><strong>rei</strong></span> <span class='ocrx_word' id='word_1_285' title='bbox 908 3723 1098 3783; x_wconf 86' lang='lat' dir='ltr'><strong>progressum</strong></span> <span class='ocrx_word' id='word_1_286' title='bbox 1129 3706 1266 3781; x_wconf 86' lang='lat' dir='ltr'><strong>designat</strong></span> 
     </span>
     <span class='ocr_line' id='line_1_34' title="bbox 145 3788 1265 3888; baseline -0.003 -16"><span class='ocrx_word' id='word_1_287' title='bbox 145 3788 1265 3888; x_wconf 49' lang='lat' dir='ltr'><strong>rmmammmmmmmmammmwm.</strong></span> 
     </span>
     <span class='ocr_line' id='line_1_35' title="bbox 144 3913 1265 3992; baseline -0.001 -18"><span class='ocrx_word' id='word_1_288' title='bbox 144 3916 173 3974; x_wconf 90' lang='lat' dir='ltr'><strong>V</strong></span> <span class='ocrx_word' id='word_1_289' title='bbox 190 3919 237 3992; x_wconf 80' lang='lat'><strong>15,</strong></span> <span class='ocrx_word' id='word_1_290' title='bbox 254 3920 282 3977; x_wconf 85' lang='lat'><strong>3.</strong></span> <span class='ocrx_word' id='word_1_291' title='bbox 305 3915 346 3974; x_wconf 90' lang='lat' dir='ltr'><strong>VI</strong></span> <span class='ocrx_word' id='word_1_292' title='bbox 366 3916 415 3988; x_wconf 88' lang='grc'><strong>82,</strong></span> <span class='ocrx_word' id='word_1_293' title='bbox 432 3919 459 3974; x_wconf 90' lang='grc'><strong>2.</strong></span> <span class='ocrx_word' id='word_1_294' title='bbox 482 3914 551 3972; x_wconf 94' lang='lat' dir='ltr'><strong>Vlll</strong></span> <span class='ocrx_word' id='word_1_295' title='bbox 573 3916 621 3988; x_wconf 88' lang='grc'><strong>92,</strong></span> <span class='ocrx_word' id='word_1_296' title='bbox 638 3918 665 3973; x_wconf 88' lang='grc'><strong>2.</strong></span> <span class='ocrx_word' id='word_1_297' title='bbox 709 3913 805 3990; x_wconf 82' lang='lat' dir='ltr'><strong>Saepe</strong></span> <span class='ocrx_word' id='word_1_298' title='bbox 832 3932 910 3989; x_wconf 90' lang='lat' dir='ltr'><strong>qnae</strong></span> <span class='ocrx_word' id='word_1_299' title='bbox 938 3931 975 3972; x_wconf 86' lang='lat' dir='ltr'><strong>ex</strong></span> <span class='ocrx_word' id='word_1_300' title='bbox 998 3913 1100 3989; x_wconf 89' lang='lat' dir='ltr'><strong>aliqua</strong></span> <span class='ocrx_word' id='word_1_301' title='bbox 1123 3932 1155 3972; x_wconf 90' lang='lat' dir='ltr'><strong>re</strong></span> <span class='ocrx_word' id='word_1_302' title='bbox 1184 3915 1265 3973; x_wconf 90' lang='lat' dir='ltr'><strong>colli·</strong></span> 
     </span>
     <span class='ocr_line' id='line_1_36' title="bbox 144 4001 1265 4096; baseline -0.004 -18"><span class='ocrx_word' id='word_1_303' title='bbox 144 4022 258 4096; x_wconf 81' lang='lat' dir='ltr'><strong>guntur</strong></span> <span class='ocrx_word' id='word_1_304' title='bbox 285 4036 342 4096; x_wconf 89' lang='lat' dir='ltr'><strong>per</strong></span> <span class='ocrx_word' id='word_1_305' title='bbox 363 4010 424 4095; x_wconf 77' lang='grc' dir='ltr'><strong>μὲν</strong></span> <span class='ocrx_word' id='word_1_306' title='bbox 447 4001 511 4074; x_wconf 83' lang='grc' dir='ltr'><strong>οὖν</strong></span> <span class='ocrx_word' id='word_1_307' title='bbox 538 4016 758 4092; x_wconf 86' lang='lat' dir='ltr'><strong>significantur,</strong></span> <span class='ocrx_word' id='word_1_308' title='bbox 784 4019 817 4074; x_wconf 96' lang='lat' dir='ltr'><strong>ut</strong></span> <span class='ocrx_word' id='word_1_309' title='bbox 844 4015 872 4074; x_wconf 93' lang='lat' dir='ltr'><strong>ll</strong></span> <span class='ocrx_word' id='word_1_310' title='bbox 893 4019 982 4087; x_wconf 85' lang='lat'>91,4</span> <span class='ocrx_word' id='word_1_311' title='bbox 1009 4020 1077 4092; x_wconf 91' lang='lat' dir='ltr'><strong>post</strong></span> <span class='ocrx_word' id='word_1_312' title='bbox 1104 4016 1265 4076; x_wconf 78' lang='lat' dir='ltr'><strong>Athenien·</strong></span> 
     </span>
     <span class='ocr_line' id='line_1_37' title="bbox 145 4104 1263 4197; baseline -0.004 -16"><span class='ocrx_word' id='word_1_313' title='bbox 145 4123 221 4183; x_wconf 88' lang='lat' dir='ltr'><strong>sium</strong></span> <span class='ocrx_word' id='word_1_314' title='bbox 249 4140 287 4183; x_wconf 87' lang='lat' dir='ltr'><strong>ex</strong></span> <span class='ocrx_word' id='word_1_315' title='bbox 309 4120 396 4181; x_wconf 90' lang='lat' dir='ltr'><strong>clade</strong></span> <span class='ocrx_word' id='word_1_316' title='bbox 422 4123 562 4179; x_wconf 89' lang='lat' dir='ltr'><strong>mutatam</strong></span> <span class='ocrx_word' id='word_1_317' title='bbox 585 4120 753 4179; x_wconf 88' lang='lat' dir='ltr'><strong>victoriam:</strong></span> <span class='ocrx_word' id='word_1_318' title='bbox 787 4124 858 4190; x_wconf 83' lang='grc' dir='ltr'><strong><em>τοῖς</em></strong></span> <span class='ocrx_word' id='word_1_319' title='bbox 879 4111 940 4197; x_wconf 81' lang='grc' dir='ltr'><strong>μὲν</strong></span> <span class='ocrx_word' id='word_1_320' title='bbox 962 4104 1024 4178; x_wconf 84' lang='grc' dir='ltr'><strong>οὖν</strong></span> <span class='ocrx_word' id='word_1_321' title='bbox 1049 4115 1263 4197; x_wconf 75' lang='grc' dir='ltr'><strong><em>Πελοποννη-</em></strong></span> 
     </span>
     <span class='ocr_line' id='line_1_38' title="bbox 81 4198 1263 4303; baseline -0.004 -19"><span class='ocrx_word' id='word_1_322' title='bbox 81 4198 89 4217; x_wconf 46' lang='lat'><em>*</em></span> <span class='ocrx_word' id='word_1_323' title='bbox 145 4219 229 4295; x_wconf 83' lang='grc' dir='ltr'><strong><em>οἰοις</em></strong></span> <span class='ocrx_word' id='word_1_324' title='bbox 250 4211 432 4303; x_wconf 78' lang='grc' dir='ltr'><strong><em>γενομένου</em></strong></span> <span class='ocrx_word' id='word_1_325' title='bbox 454 4212 581 4282; x_wconf 84' lang='grc' dir='ltr'><strong><em>τούτου</em></strong></span> <span class='ocrx_word' id='word_1_326' title='bbox 604 4212 709 4297; x_wconf 82' lang='grc' dir='ltr'><strong><em>φόβος</em></strong></span> <span class='ocrx_word' id='word_1_327' title='bbox 732 4213 895 4299; x_wconf 82' lang='grc' dir='ltr'><strong><em>ἐμπίπτει,</em></strong></span> <span class='ocrx_word' id='word_1_328' title='bbox 918 4211 999 4290; x_wconf 78' lang='grc' dir='ltr'><strong>τούς</strong></span> <span class='ocrx_word' id='word_1_329' title='bbox 1022 4205 1051 4279; x_wconf 80' lang='lat' dir='ltr'><strong>d&#39;</strong></span> <span class='ocrx_word' id='word_1_330' title='bbox 1068 4204 1263 4303; x_wconf 65' lang='grc' dir='ltr'><strong><em>Άθηναίοος</em></strong></span> 
     </span>
    </p>
   </div>
   <div class='ocr_carea' id='block_1_9' title="bbox 0 0 1426 4620">
    <p class='ocr_par' dir='ltr' id='par_1_9' title="bbox 0 0 1426 4620">
     <span class='ocr_line' id='line_1_39' title="bbox 0 0 1426 4620; baseline 0 3"><span class='ocrx_word' id='word_1_331' title='bbox 0 0 1426 4620; x_wconf 95' lang='lat' dir='ltr'><strong> </strong></span> 
     </span>
    </p>
   </div>
  </div>
 </body>
</html>
