2842 4620
156 234 198 299 ai

156 408 206 468 die
227 404 434 468 conveniunto
460 423 562 465 mam
595 412 626 464 et
655 423 734 480 quae
764 411 873 482 postea
899 406 932 464 in
953 406 1211 487 administratione
1231 410 1279 467 rei

155 509 295 588 publicae
316 508 465 579 fecerum
495 524 596 583 neqae
620 509 783 583 separati·
810 525 910 566 rerum
932 490 1126 567 externum
1153 509 1280 568 adniti

154 611 271 687 atntio,
291 627 382 688 quam
404 609 496 671 (uasa
518 607 618 667 verbis
638 597 725 684 πρός
745 625 783 666 τε
796 587 882 685 Ἆγιν
901 639 946 650 -
964 600 1278 688 ἐπιτροπεύσωσι

154 712 316 790 significari
330 712 427 789 tingit,
444 710 646 771 discernenda
659 716 713 770 est
743 713 849 788 Neque
863 713 959 788 magis
973 707 1005 770 ll
1017 716 1069 783 89,
1084 718 1104 773 2
1119 713 1279 773 eumenio

153 816 301 876 mentior
322 814 440 892 putanti
469 818 539 891 puat
558 809 700 889 πρῶτον
724 802 788 889 μέν
814 843 855 854 -
878 805 994 871 ἔπειτα
1015 816 1132 873 tertiam
1154 833 1277 874 ceusu

154 918 345 997 agglutinari,
366 917 446 977 sicut
466 915 501 976 fit
521 911 536 973 1
553 920 603 978 33.
627 920 697 991 121,
711 920 745 976 2:
767 916 908 976 Phormio
922 919 1002 976 enirn
1022 917 1165 977 rnilifibus
1177 917 1278 976 verbis

152 1016 293 1101 πρῶτον
313 1008 376 1098 μέν
397 1035 465 1077 τιτι,
496 1026 605 1079 metu·
629 1024 755 1097 propter
776 1020 904 1079 bostium
927 1020 1131 1079 tortitudinem
1154 1020 1278 1079 deflere

152 1125 227 1185 vult.
277 1123 379 1201 Atque
412 1122 472 1182 hue
499 1122 650 1199 pertinent
678 1139 801 1198 quoque
830 1123 924 1181 verba
952 1111 1212 1197 Λακεδαιμόνιοί
1240 1139 1277 1180 τε

151 1210 333 1306 ἡγούμενοι
352 1255 394 1267 -
414 1212 561 1295 ἄκοντος
579 1214 795 1302 προσάγουσι,
818 1227 937 1301 quibus,
958 1232 993 1284 ut
1013 1226 1111 1284 onnia
1129 1225 1277 1284 dubitatio

152 1336 320 1402 evanescat,
340 1328 439 1390 addit:
460 1318 505 1407 μὴ
528 1318 570 1406 δὴ
593 1311 709 1386 αὐτῶν
730 1318 795 1405 τὴν
815 1317 944 1404 τόλμαι
965 1321 1103 1405 δείσητε.
1135 1322 1275 1398 haas

152 1438 272 1495 constat
292 1433 393 1494 verbis
413 1421 457 1490 τά
477 1447 514 1490 τε
537 1416 626 1489 ἄλλα
647 1415 758 1489 αὐτοῦ
779 1414 994 1489 &abaciacum
1012 1431 1198 1508 respondere
1218 1424 1277 1487 aui

151 1520 204 1596 ὅτι
233 1527 291 1596 ἐπὶ
319 1525 382 1595 τὸν
410 1527 573 1612 τρίποδα,
604 1533 783 1610 ninimeque
811 1534 961 1593 versimile
983 1541 1044 1609 est,
1074 1533 1155 1609 quod
1183 1531 1277 1592 (ilasa

151 1643 239 1717 putat
265 1638 441 1717 particulam
472 1625 508 1695 τὲ
534 1640 691 1714 praeterea
719 1634 757 1695 ad
788 1621 938 1714 φανερὸν
963 1630 1027 1712 μὲν
1056 1625 1146 1712 εἶχον
1174 1620 1277 1693 οὐδέν

150 1747 182 1804 et
203 1725 353 1821 tabulae
372 1734 408 1800 de
430 1725 562 1812 πολλὰς
576 1745 713 1818 παρεῖχε
736 1739 853 1799 tertiam
869 1759 931 1799 rem
954 1739 1076 1810 addere,
1098 1758 1166 1798 curn
1188 1758 1277 1816 prae·

151 1846 251 1911 sertim
274 1845 323 1905 hic
350 1830 412 1922 μέν
440 1848 472 1904 et
500 1832 535 1902 δι’
568 1861 659 1903 unam
681 1842 769 1902 modo
798 1861 862 1901 rem
884 1835 1066 1918 designent*
1088 1842 1126 1901 ci.
1147 1837 1232 1920 150,
1248 1847 1276 1903 1.

150 1949 260 2026 Neque
290 1947 369 2007 illius
404 1945 571 2006 anomaliae
604 1944 698 2006 Oiass.
730 1944 868 2021 exempla
896 1944 1005 2003 attulit
1062 1945 1170 2021 ltaque
1207 1963 1275 2004 cun

151 2049 297 2113 Ultrichio
329 2054 360 2110 et
388 2047 503 2111 Stahlio
532 2051 602 2108 ante
633 2032 677 2104 τά
706 2063 744 2104 τε
775 2031 859 2104 ἄλλα
888 2046 1021 2106 inserere
1053 2040 1108 2104 καί
1139 2056 1276 2108 me'nun

150 2152 288 2214 dubitare
310 2151 462 2213 mutiteor.

236 2289 349 2351 Contra
365 2292 448 2349 recte
464 2286 648 2348 Classeuium
664 2282 680 2345 Ι
697 2292 748 2365 53,
761 2292 780 2349 3
803 2275 875 2345 εἶτα
890 2285 1062 2347 defendisse
1076 2289 1153 2364 puto
1168 2291 1275 2348 contra

151 2391 339 2466 Kruegerum
364 2396 394 2449 et
415 2389 559 2452 Stahlium
584 2380 614 2446 ιῖ
633 2405 669 2446 τε
692 2390 865 2448 scribentes.
909 2388 1046 2466 Apparet
1074 2391 1152 2448 enim
1182 2389 1275 2449 totius

151 2491 297 2553 enuntiati
328 2496 509 2552 momentum
538 2491 569 2550 in
597 2491 698 2551 verbis
728 2478 799 2550 εἶτα
832 2481 869 2548 ἐν
900 2475 1078 2569 ἀδικήματι
1108 2480 1274 2568 θήσονται

150 2594 278 2671 positum
303 2610 379 2654 esse.
422 2592 508 2668 Quod
525 2594 549 2652 si
566 2593 722 2653 scribimus
739 2585 769 2651 εἲ
782 2609 829 2666 τι,
851 2611 940 2669 quam
957 2594 1099 2671 languide
1114 2594 1167 2653 iila
1181 2593 1274 2653 verba

151 2713 182 2757 ιο
206 2695 370 2774 applicasti
414 2694 585 2755 Particulae
612 2682 683 2755 εἶτα
706 2713 790 2755 usum
814 2695 887 2754 satis
910 2695 1004 2755 Olass.
1028 2695 1173 2772 exemplis
1195 2682 1290 2754 coms

150 2797 298 2877 probavit.
360 2796 485 2859 Gaudeo
526 2796 607 2875 quod
641 2798 675 2857 L.
702 2797 835 2859 Schmidt
869 2797 898 2855 in
942 2797 1102 2857 observatt.
1136 2790 1268 2872 Thucyd.

150 2901 265 2978 Marbg.
291 2904 371 2963 1877
395 2918 535 2972 assensus
558 2905 611 2962 est.

128 3083 132 3091 .
235 3037 389 3098 Hactenus
417 3035 455 3097 de
478 3036 693 3114 particularum
713 3020 775 3113 μέν
797 3067 840 3075 -
863 3024 898 3093 δὲ
924 3066 967 3077 —-
988 3024 1025 3094 τὲ
1055 3036 1272 3113 conjunctione.
1331 3078 1334 3085 -

150 3138 296 3219 llxsmpla
319 3140 342 3201 si
366 3157 572 3218 comparamus
595 3158 662 3199 cum
685 3141 738 3218 eis,
760 3139 808 3200 ubi
831 3141 861 3200 in
884 3139 973 3200 tertio
997 3158 1118 3216 quoque
1141 3138 1272 3199 membru

149 3230 184 3302 di
215 3243 338 3323 legitur,
375 3242 509 3303 videmus
543 3243 619 3303 haec
647 3243 826 3321 plerumque
860 3241 890 3302 in
925 3242 1051 3321 simplici
1084 3240 1270 3302 enarratione

149 3363 246 3406 rurum
276 3349 329 3405 aut
358 3345 519 3423 partitione
551 3346 648 3405 locum
680 3345 804 3421 babere,
842 3346 894 3405 illa
922 3345 953 3404 in
989 3346 1174 3406 orationibus
1205 3340 1269 3401 sive

150 3447 273 3509 directIs
295 3448 357 3510 sive
381 3447 533 3509 indireutis
557 3453 586 3508 et
609 3449 638 3508 in
669 3448 912 3508 meditationibus
935 3467 1014 3525 quae
1036 3448 1188 3508 orationes
1210 3426 1271 3504 elo·

148 3553 267 3613 cutione
290 3569 471 3630 magnopere
495 3553 705 3631 aequiparant,
728 3552 871 3630 imprimis
893 3551 944 3612 ubi
967 3571 1076 3612 causae
1098 3552 1271 3618 afferuntur,

71 3682 74 3690 ·
146 3654 243 3717 Semel
273 3659 371 3715 tamen
396 3655 425 3714 in
450 3654 576 3733 simplici
609 3655 756 3715 exemitus
778 3655 939 3732 partitione
961 3653 992 3725 in
1015 3655 1105 3714 tertia
1127 3658 1215 3731 parte
1236 3638 1272 3710 τὲ

147 3757 287 3817 traditum
311 3762 371 3817 est:
394 3750 437 3814 IV
455 3760 504 3833 32,
520 3760 553 3817 2:
577 3749 613 3815 ἐκ
635 3749 696 3835 μὲν
719 3751 805 3816 νεῶν
828 3787 879 3828 ‹-,
902 3744 1038 3830 τοξόται
1059 3773 1096 3814 τε
1110 3786 1163 3829 -,
1186 3753 1272 3814 Μεσ-

147 3852 272 3937 σηνίων
293 3875 328 3917 τι
357 3850 388 3918 ol
410 3848 657 3940 βεβοηθηκότες
686 3854 743 3918 καὶ
767 3845 862 3918 ἄλλοι
886 3842 959 3918 ὅσοι
989 3875 1054 3917 ace.
1100 3857 1273 3920 Certissima

147 3961 269 4040 quidem
293 3967 338 4023 est
359 3964 509 4041 Kruegeri
534 3965 680 4024 eorrectio
709 3949 847 4038 τοξόται
870 3950 905 4020 δι’
927 3980 982 4039 pro
1004 3945 1062 4034 τὲ,’
1083 3962 1138 4022 sed
1161 3961 1271 4021 vellem

147 4066 233 4128 utiam
257 4054 293 4125 τὲ
321 4066 402 4143 quod
426 4066 563 4143 sequitur
586 4071 729 4127 mutasset
758 4067 788 4125 in
820 4054 864 4124 δὲ.
909 4066 986 4125 Nam
1009 4065 1148 4142 equidem
1169 4062 1271 4145 nescio

147 4186 201 4229 our
224 4170 437 4231 Messeniorum
459 4170 637 4247 praesentia,
659 4187 785 4247 quorum
809 4184 953 4227 numerus
977 4168 1057 4228 haud
1080 4169 1121 4226 ita
1144 4183 1271 4242 magnus
