2842 4620
152 217 215 275 50·

152 387 308 462 praeterea
338 403 394 462 pro
418 367 483 442 οὐκ
513 387 635 460 gravius
658 368 770 456 ου’δείς
792 387 910 461 iegitur.
954 386 1108 460 vr171‚1
1139 385 1278 463 subjecta

153 486 310 564 utriusque
334 486 456 571 membri
479 484 644 565 participiis
664 489 832 566 postposita
854 492 936 547 sunt:
960 483 1150 561 φιλονικῶν
1170 474 1234 566 μὲν
1256 473 1275 546 ό

153 574 301 647 αὐτόθεν
322 620 378 662 -,
403 577 548 661 δεδιότες
570 579 605 647 δὲ
632 581 664 648 οἱ
691 576 903 660 ἐπελθόντες.
949 590 976 649 Α
998 590 1097 650 nantis
1120 590 1157 650 ad
1181 608 1277 651 naves

152 693 297 751 transitur
330 693 430 764 1191,
453 695 486 752 4:
522 676 674 763 ἀτάκτως
712 682 891 762 διώκοντες
924 683 957 749 αὶ
989 682 1051 770 μέν
1084 708 1172 762 τινες
1204 689 1279 751 τῶν

151 791 240 853 νεῶν
262 827 304 834 -
327 786 360 853 αἱ
383 785 418 853 δὲ
440 789 505 852 καί.
551 795 804 868 Etiam1124‚1
834 795 1000 871 subjeetum
1023 799 1168 855 mutatum
1193 795 1278 856 vide·

150 902 212 967 tur;
235 885 475 975 περιμένοντας
498 898 574 956 euim
598 901 703 974 aparte
725 898 764 957 ad
788 899 906 974 legatos
928 895 1053 973 Spartae
1072 902 1279 978 eongregatos
1314 955 1317 962 .

151 1001 294 1077 pertinet,
324 989 406 1070 τοδς
426 985 489 1078 μέν
512 1005 609 1061 παλαια
633 1005 663 1060 et
685 989 766 1071 τούς
797 989 832 1058 δέ
855 1000 892 1059 ad
916 1000 1012 1060 sooios
1028 999 1280 1060 'Lacedaemoni-

152 1119 249 1180 orum3
271 1102 323 1163 sed
348 1107 380 1163 ut
402 1104 530 1180 legimus
546 1104 637 1163 verba
653 1104 820 1180 subjeetum
844 1091 1084 1182 περιμένοντας
1099 1103 1279 1180 bipartitum

151 1224 217 1266 esse
239 1205 367 1267 videtur.
411 1205 523 1266 Sensus
547 1211 579 1266 ut
601 1213 682 1266 reete
706 1206 778 1266 dioit
801 1207 892 1266 Ciues.
916 1206 1048 1283 postulat
1070 1210 1103 1265 ut
1125 1205 1163 1265 ad
1185 1223 1281 1285 περι-

149 1302 313 1386 μένοντας
341 1308 554 1368 subaudiamus
589 1308 695 1367 infinit.
724 1305 903 1387 περιορᾶν,
936 1308 969 1367 id
998 1307 1079 1384 quod
1108 1327 1167 1368 non
1198 1309 1280 1368 adeo

151 1410 270 1471 difficile
293 1429 359 1470 esse
382 1412 538 1470 existumo.
582 1411 627 1469 Ex
651 1410 751 1470 dativo
775 1411 813 1470 ad
836 1429 934 1470 aoous.
956 1411 1104 1470 transitur
1126 1412 1236 1483 V185‚
1256 1417 1276 1472 2

150 1519 222 1584 τοῖς
248 1506 317 1572 ἐκεῖ
347 1499 528 1591 ξυμμάχοις
559 1543 602 1553 -
628 1502 853 1592 ἐξηγούμεθα,
887 1507 991 1583 Χίους
1020 1498 1081 1591 μὲν
1110 1541 1153 1553 -
1175 1498 1280 1572 αὐτο-

150 1605 284 1694 νόμους,
306 1602 387 1686 τοδς
410 1605 445 1674 δὲ
468 1606 617 1686 πολλοὺς
639 1633 716 1688 ave„
738 1615 777 1675 ad
800 1617 940 1676 nominat.
963 1617 1006 1675 vl
1022 1619 1071 1694 24,
1087 1620 1115 1677 3.

692 1798 731 1861 X.

128 1990 133 2000 ¹
238 1925 303 1984 Jam
328 1942 363 1983 ea
386 1924 525 2001 exempla
552 1923 637 1983 nobis
663 1920 821 1982 tractanda
844 1924 925 1994 eunt,
957 1923 1007 1981 ubi
1031 1940 1085 1997 pro
1109 1911 1145 1981 δέ
1176 1924 1206 1982 in
1230 1942 1276 1984 se·

150 2027 249 2088 eundo
280 2028 412 2087 membro
442 2028 501 2086 alia
531 2026 680 2103 particula
707 2026 806 2102 posita
834 2028 887 2084 est.
937 2025 1036 2102 Atque
1066 2024 1274 2086 adversativae

150 2129 269 2208 quidem
299 2130 463 2207 particulas
485 2131 560 2190 alias
589 2147 735 2206 persaepe
759 2129 922 2208 scriptores
949 2127 1104 2199 exhibent,
1134 2128 1188 2189 sed
1217 2148 1272 2191 usu

151 2234 300 2293 differunt.
343 2233 384 2292 Ut
406 2236 510 2308 poetas
534 2233 709 2304 omittamus,
734 2231 815 2309 apud
838 2249 915 2307 quos
938 2249 1047 2308 magua
1070 2231 1195 2292 variatio
1220 2237 1274 2304 est,

150 2336 231 2413 apud
255 2353 357 2395 omnes
379 2335 443 2395 fere
465 2327 578 2412 μέντοι
607 2339 637 2394 et
661 2319 745 2392 ἀλλά
772 2334 980 2410 inveniuntur,
1011 2333 1092 2411 apud
1115 2333 1273 2395 Platonem

150 2444 180 2499 et
202 2439 429 2515 Xenophontem
454 2437 541 2497 etiam
557 2426 624 2516 μήν
647 2442 676 2497 et
692 2431 728 2516 γὲ
743 2426 819 2514 μήν.
867 2435 1037 2514 Thucydidi
1061 2439 1167 2497 eontra
1188 2456 1274 2514 prae·

149 2544 195 2601 ter
219 2533 256 2599 δέ
282 2559 342 2601 una
367 2533 483 2617 μέντοι
510 2544 654 2619 usurpata
682 2543 734 2600 est.
778 2541 913 2600 Fuerunt
940 2539 1060 2616 quidem
1091 2540 1144 2616 qui
1170 2539 1198 2599 ei
1225 2558 1273 2599 re·

43 2653 47 2658 ·
150 2645 339 2722 sponsionem
356 2645 568 2720 particularum
584 2638 646 2720 μέν
662 2646 692 2703 et
709 2627 794 2701 ἄλλά
809 2643 962 2702 vindicare
974 2642 1094 2719 vellent,
1110 2646 1144 2703 ut
1157 2641 1272 2720 Krueg.

149 2747 187 2807 ad
211 2749 304 2807 1112:
327 2740 453 2819 Λέσβος
475 2733 611 2827 ἀπέστη,
634 2739 861 2825 βουληθέντες
881 2738 943 2823 μἐν
965 2739 1021 2803 καὶ
1044 2731 1111 2824 πρό
1130 2736 1195 2802 τοῦ
1207 2760 1271 2801 πο-

150 2843 266 2928 λέμου,
290 2834 364 2909 ἀλλ’
385 2841 417 2908 οἱ
439 2838 698 2926 Λακεδαιμόνιοι
720 2833 766 2907 ου’
788 2842 1046 2928 προσεδέξαντο.
1090 2846 1270 2924 Saepissime

149 2959 229 3013 eerte
259 2946 295 3011 δέ
324 2956 392 3029 post
415 2946 476 3029 μέν
506 2953 659 3029 inceptum
689 2951 810 3028 aliquod
841 2951 890 3010 vei
918 2952 1102 3011 voluntatem
1133 2948 1272 3028 impediri

149 3056 301 3132 signifieat.
347 3055 403 3117 Sed
427 3055 475 3114 hio
497 3056 597 3132 potius
620 3047 843 3133 βουληθέντες
864 3046 926 3131 μέν
948 3058 978 3113 et
1001 3038 1272 3133 ἀναγκασθέντες

150 3153 185 3219 δὲ
208 3191 246 3199 -
269 3147 478 3237 ποιήσασθαι
507 3158 582 3218 duas
609 3162 711 3236 partes
739 3159 787 3219 vel
815 3162 950 3235 tempora
978 3159 1102 3218 aetionis
1129 3140 1271 3237 ἀποστῆ-

149 3276 204 3318 ναι
226 3259 369 3336 iudioant,
393 3264 426 3319 ut
440 3263 521 3319 roote
538 3259 632 3320 Oiass.
648 3259 729 3332 dioit
754 3264 783 3319 et
806 3260 991 3319 enuntiatum
1009 3242 1096 3316 ἀλλὰ
1115 3288 1153 3298 -
1167 3268 1272 3337 προσ·

149 3354 305 3437 εδέξαντο
320 3362 527 3440 parenthetioe
544 3380 662 3422 oausam
680 3363 789 3440 ineepti
810 3381 868 3422 non
886 3361 1013 3437 perfecti
1028 3360 1120 3420 addit
1152 3360 1272 3438 Krueg.

149 3465 336 3525 durissimum
360 3483 395 3524 ex
416 3465 572 3542 participio
595 3466 625 3523 in
646 3468 728 3525 verb.
743 3465 791 3548 fin.
812 3465 968 3524 transitum
992 3468 1124 3524 statuere
1147 3466 1270 3523 coaetus

148 3572 201 3628 eet.
244 3569 374 3628 Prorsus
397 3566 472 3627 saiso
492 3567 638 3627 Kuehner
660 3568 689 3627 in
710 3587 832 3645 gramm.
848 3587 892 3645 gr.
915 3569 942 3627 ΙΙ
963 3587 992 3644 p.
1007 3571 1068 3628 812
1092 3567 1270 3627 etiam173

148 3670 207 3729 huo
235 3671 340 3746 trahit,
371 3670 407 3729 de
436 3687 495 3745 quo
519 3670 585 3730 loco
613 3689 639 3727 v.
663 3655 692 3747 p
715 3673 763 3732 13.
807 3668 926 3747 Operae
952 3660 1155 3747 pretium'est
1181 3686 1271 3742 usum

148 3772 384 3851 Antiphonteum
409 3790 596 3850 comparare,
623 3773 703 3851 apud
727 3791 815 3849 quem
839 3791 930 3832 unum
954 3772 1122 3850 exemplum
1146 3788 1270 3849 respon·

148 3875 239 3935 sionis
260 3869 381 3952 μέν-
405 3859 490 3933 ἄλλά
517 3894 663 3952 agnosco,
686 3877 698 3935 1
721 3879 774 3936 18:
804 3865 927 3951 τὰμὲν
950 3862 1036 3933 ἄλλα
1063 3863 1270 3953 μακρότερος

123 3957 189 4035 Ιδν
214 3994 270 4055 μοι
300 3971 348 4058 ε’έη
377 3967 540 4056 λόγος-
562 3963 648 4038 αλλὰ
674 3965 873 4055 πειράσομαι
900 3967 943 4035 τὰ
970 3968 1074 4037 λοιπὰ
1096 3976 1138 4018 ’-
1161 3966 1270 4057 διηγή-

146 4080 280 4158 γοσθαι.
331 4080 473 4141 Sohaeter
499 4082 516 4140 l.
532 4079 565 4141 'a
592 4085 711 4157 praeter
738 4080 768 4138 id
798 4081 856 4140 tria
883 4080 971 4140 etiam
1000 4082 1136 4157 exempla
1167 4080 1270 4141 affert:

147 4184 230 4247 113:
256 4179 334 4265 περὶ
359 4178 421 4262 μὲν
443 4164 505 4243 οὖν
526 4174 663 4243 τούτων
686 4169 749 4242 ουίι
773 4169 901 4263 ἄδηλον
929 4169 981 4244 ότι
1004 4170 1100 4244 αότοι
1124 4175 1269 4263 ἐ’φεογον
