2842 4620
180 241 199 297 6

179 411 213 465 nt
235 406 382 482 oppositio
411 408 464 462 ant
491 405 551 463 alio
578 405 793 462 sententiarum
820 421 899 462 nexu
928 407 1006 461 tecta
1032 408 1123 479 atque
1149 404 1299 462 occultata

179 509 218 566 sit
244 513 298 567 aut
319 506 406 565 facile
434 509 532 565 mente
553 506 740 582 suppleatur.
783 504 903 564 Scilicet
930 505 1008 563 bane
1029 523 1092 564 rem
1115 505 1196 564 diest
1217 507 1298 582 quis·

180 609 260 687 piam
282 627 390 668 vanam
412 608 657 685 disceptationem
674 608 833 667 verborum
849 625 925 666 esse.
968 608 1115 682 Imprimis
1130 607 1208 666 enim
1231 615 1299 685 post

180 715 358 790 pronomina
379 713 489 789 quibus
511 712 638 770 libenter
660 711 808 788 particula
828 704 890 786 μέν
912 729 944 770 se
966 711 1106 788 applicat,
1127 730 1186 770 non
1203 714 1299 771 minus

180 815 268 874 facile
289 814 437 888 oppositio
463 811 618 871 subaudiri
646 817 760 886 potest,
788 829 867 887 quae
889 831 997 888 nempe
1023 832 1040 872 e
1062 814 1247 889 pronominis
1268 814 1298 871 vi

179 919 247 994 ipsa
268 914 472 990 intellegenda
494 919 547 984 est
569 932 658 989 quam
681 915 726 972 vis
750 912 954 972 confirmatius
975 917 1075 974 statui.
1120 915 1188 987 Qua
1209 914 1246 973 de
1265 933 1299 974 re

180 1038 240 1078 non
263 1019 321 1077 nisi
349 1034 530 1092 unoquoque
557 1016 693 1093 exemplo
715 1017 885 1075 examinato
914 1015 1021 1075 disseri
1048 1021 1155 1094 potest.
1199 1018 1299 1092 Atque

179 1120 316 1197 equidem
339 1137 431 1178 unum
454 1118 543 1178 modo
564 1119 662 1178 loeum
684 1119 795 1189 inveni,
818 1118 867 1176 ubi
891 1117 929 1178 de
951 1118 1157 1178 confirmativa
1178 1120 1208 1176 vi
1230 1137 1298 1194 par·

179 1224 288 1283 ticulae
308 1216 371 1298 μέν
392 1220 596 1282 dubitarinon
611 1239 699 1298 posse
720 1225 832 1297 putem,
853 1222 905 1297 qui
927 1221 1043 1281 scilicet
1064 1223 1094 1280 in
1118 1227 1205 1298 parte
1226 1239 1300 1297 ope·

179 1328 221 1385 ris
250 1326 340 1402 plane
368 1324 512 1399 singulari
539 1328 601 1400 est,
630 1342 690 1383 uno
712 1324 779 1383 loeo
807 1341 868 1399 quo
895 1323 1004 1383 breves
1033 1324 1179 1383 dictiones
1208 1329 1299 1400 atque

180 1424 432 1485 contradictiones
454 1423 607 1484 adhibitae
628 1430 709 1500 sunt,
731 1426 772 1483 lll
796 1429 865 1499 113,
879 1429 913 1484 4:
940 1419 997 1482 καὶ
1017 1414 1142 1502 μὲνδὴ
1164 1414 1300 1493 τούτοις

179 1545 215 1604 γε
236 1511 329 1604 ἡμεῖς
348 1518 430 1602 χθὲς
452 1555 493 1564 -
515 1516 716 1602 ἐμαχόμεθα,
739 1526 789 1585 ubi
812 1527 875 1585 siue
890 1525 981 1586 dubio
1001 1520 1063 1602 μέν
1083 1528 1240 1586 veritatem
1255 1526 1298 1585 rei

179 1632 343 1700 asseverat
364 1628 555 1686 coniunctum
577 1646 644 1686 cnm
664 1616 706 1703 δή
729 1628 810 1703 quod
832 1626 1096 1687 demonstrativam
1116 1629 1176 1686 rim
1196 1628 1298 1686 habet:

179 1730 270 1794 ‘Sane
291 1749 365 1790 vero
391 1749 459 1789 cum
481 1731 519 1789 iis
540 1730 614 1806 ipsis
635 1732 849 1807 pugnavimus,
870 1732 998 1791 exuviae
1019 1734 1094 1791 istae
1116 1750 1194 1808 quas
1214 1730 1300 1790 vides

180 1854 243 1894 rem
266 1839 372 1911 aperte
393 1825 526 1892 doeent’.
567 1833 599 1891 is
620 1851 728 1910 nempe
751 1840 798 1893 est
819 1851 906 1906 usus,
935 1853 1024 1909 quem
1046 1853 1133 1894 nemo
1155 1840 1202 1894 est
1225 1834 1299 1910 quin

180 1957 219 1996 ex
240 1936 378 1996 Platonis
399 1934 528 2011 dialogis
549 1935 675 1994 noverit

202 2101 209 2110 ,
264 2039 362 2098 Aliter
383 2037 421 2097 de
443 2036 562 2097 duobus
582 2038 656 2097 loeis
675 2039 706 2096 in
730 2037 850 2098 Cleonis
872 2039 1006 2097 oratioue
1027 2038 1221 2098 iudicandum
1243 2045 1299 2109 eat,

181 2143 231 2202 ubi
252 2135 315 2218 μέν
341 2140 510 2216 pronomini
529 2129 597 2215 ἐγώ
622 2141 821 2216 postpositum
848 2147 905 2200 est:
938 2141 981 2199 111
1000 2144 1086 2211 dds
1116 2161 1184 2200 eum
1210 2147 1301 2200 antea

181 2246 293 2304 dictum
316 2245 356 2302 sit
376 2242 575 2318 llytileuaeos
597 2261 658 2302 non
679 2247 807 2313 coaetos,
828 2241 883 2302 sed
904 2244 996 2319 pleno
1011 2244 1136 2302 arbitrio
1159 2243 1299 2302 delectio

181 2366 249 2406 nem
272 2346 392 2404 molitos
414 2363 481 2404 esse
502 2355 534 2405 et
555 2345 729 2420 coniecisse,
749 2347 860 2422 pergit:
882 2335 949 2424 ἐγώ
969 2340 1032 2422 μὲν
1055 2332 1120 2404 οὖν
1141 2340 1197 2404 καὶ
1221 2334 1295 2403 τότε

179 2446 321 2526 πρῶτον
346 2442 404 2505 καὶ
425 2444 491 2505 νίν
511 2436 712 2524 διαμάχομαι
736 2437 782 2524 μὴ
803 2443 1026 2525 μεταγνῶναι,
1052 2450 1084 2508 in
1105 2448 1299 2526 sequentibus

180 2553 368 2612 enuntiatum
390 2550 473 2627 qnod
488 2556 590 2626 aptam
605 2550 653 2609 bis
667 2552 885 2628 oppositionem
901 2553 1055 2611 contineat
1075 2551 1188 2612 frustra
1209 2569 1300 2628 quae

181 2656 282 2713 rimus
328 2652 488 2714 Subandiri
514 2657 613 2712 tamen
643 2652 731 2712 laeile
759 2657 886 2729 apparet
915 2653 975 2712 tale
1004 2652 1077 2729 quid
1106 2653 1188 2730 quod
1218 2652 1298 2729 apud

180 2757 303 2832 Lysiam
328 2756 359 2815 in
381 2755 441 2816 line
462 2756 585 2832 quintae
607 2760 639 2815 et
659 2754 794 2815 decimae
815 2756 959 2814 orationis
979 2755 1119 2831 legimus:
1151 2746 1217 2832 ἐγώ
1238 2747 1300 2832 μὲν

180 2838 245 2917 oio
264 2888 306 2899 -
328 2851 443 2934 δέομαι
465 2847 509 2916 τὰ
528 2851 642 2916 δίκαια
662 2852 888 2936 ψηφίσασθαι·
909 2844 994 2934 ὑμᾶς
1015 2850 1051 2916 δὲ
1071 2848 1134 2936 χρὴ
1155 2849 1220 2935 τὴν
1240 2844 1300 2916 αὖ·

181 2951 243 3038 τὴν
268 2946 407 3038 γνώμην
434 2951 572 3037 ἔχοντος
596 2951 661 3036 τὴν
681 2957 802 3037 ψῆφον
828 2954 942 3037 φέρειν
970 2977 1038 3018 πε.
1082 2962 1171 3022 Certe
1192 2964 1300 3039 siqua

181 3064 330 3139 oppositio
352 3062 559 3123 subaudienda
580 3068 634 3136 est
655 3064 714 3122 tale
728 3064 969 3139 supplementum
991 3064 1086 3138 magis
1107 3070 1235 3124 naturae
1255 3066 1298 3125 rei

181 3167 321 3225 convenit
348 3184 438 3242 quam
461 3167 615 3240 cogitatio:
645 3153 743 3223 ἄλλοι
765 3158 801 3222 di
822 3153 932 3235 ἄλλως
959 3152 1003 3223 ἂν
1023 3157 1298 3243 συμβουλεύοιεν.

181 3268 297 3326 Etenim
320 3271 452 3326 nostram
473 3267 702 3342 explicationem
724 3269 822 3343 ipsum
836 3269 1025 3328 enuntiatum
1046 3270 1242 3346 suppeditare
1256 3272 1300 3329 vi·

182 3371 283 3429 detur:
305 3364 376 3445 ‘ego
391 3368 514 3442 suadeo,
530 3388 585 3429 vos
600 3363 777 3445 sequimini’.
819 3371 927 3448 Aptius
942 3390 1063 3448 quoqne
1084 3370 1116 3430 id
1138 3381 1211 3448 puto
1234 3391 1299 3432 eme

182 3491 272 3549 quam
294 3490 414 3530 sensum
437 3471 689 3531 confirmativum:
714 3471 806 3531 nolite
821 3473 959 3532 dubitare
978 3475 1051 3549 quin
1073 3492 1131 3549 ego
1153 3475 1210 3534 boc
1231 3493 1300 3534 sna·

182 3574 282 3634 deam!
312 3576 398 3650 quasi
420 3593 494 3634 uero
521 3575 573 3634 tali
601 3574 826 3635 confirmatione
853 3594 930 3653 opus
951 3578 991 3636 sit
1018 3583 1048 3634 et
1076 3595 1135 3635 non
1162 3597 1201 3636 eu
1227 3598 1299 3638 uno

185 3696 307 3753 quoqne
338 3678 481 3736 emtionis
512 3678 667 3736 enuntiato
695 3686 840 3754 appareat
869 3679 966 3754 qualis
993 3678 1111 3738 Cleonis
1142 3698 1225 3740 mens
1254 3682 1301 3739 sit

181 3780 274 3838 Plane
296 3780 431 3838 similiter
451 3780 496 3839 Ill
516 3783 567 3850 38,
582 3785 613 3840 1:
636 3769 704 3856 ἐγώ
723 3773 785 3855 μὲν
806 3759 871 3838 οὖν
891 3764 911 3838 ὁ
932 3765 1037 3849 οὗτός
1057 3773 1121 3858 εἶμι
1143 3798 1225 3855 neq
1252 3784 1299 3842 bie

182 3881 329 3958 oppositio
357 3883 387 3941 in
414 3882 513 3941 verbis
542 3901 620 3958 quae
647 3888 816 3958 sequuntur
843 3882 930 3942 latet:
966 3879 1021 3940 καὶ
1049 3874 1213 3960 θαυμάζω
1238 3879 1300 3961 μὲι·

181 3981 251 4040 τῶν
271 3978 477 4060 xpeditum»
499 3964 603 4055 αὖθις
623 4015 666 4024 -
688 3974 853 4061 θαυμάζω
874 3979 910 4043 δὲ
933 3980 989 4043 καὶ
1012 3972 1104 4057 ὅστις
1124 4018 1175 4044 -.
1221 3989 1298 4048 Con-

182 4087 299 4144 einnius
320 4085 419 4145 luerat
441 4083 513 4145 τῶν
528 4082 564 4145 δὲ
579 4081 784 4164 προθέντων
796 4117 841 4128 -
854 4077 1033 4164 θαυμάζω,
1055 4108 1133 4166 quae
1148 4097 1300 4151 structura

182 4189 319 4247 nimirum
347 4196 472 4265 propter
498 4193 686 4266 partitionem
713 4190 925 4266 anaphoricam
952 4198 1066 4252 mutata
1087 4201 1141 4253 est
1184 4196 1245 4254 lam
1268 4196 1299 4254 in
