2842 4620
171 239 211 297 58

165 421 242 486 pov:
271 393 291 487 ἢ
313 400 342 466 εἰ
369 393 474 486 όπὲβη
497 393 559 486 ἤδη
589 407 638 466 vel
665 407 723 467 tole
751 407 839 484 quid,
867 406 1117 477 desideraremus:
1148 398 1204 465 ἐπὶ
1229 402 1290 485 μἐν

165 500 226 589 γάρ
250 527 316 570 κτε.
362 510 457 571 Aliter
480 529 513 570 se
536 510 647 570 hubent
669 510 777 571 ibidem
801 511 893 571 verba
915 530 994 588 quoe
1016 511 1215 573 antecedunt:
1236 529 1289 588 με·

168 602 302 672 νόντων
317 595 412 691 ἡμῶν
423 602 597 690 Ιξύμμαχον
612 606 767 691 γίγνεται,
789 596 1026 693 ὑποχωρήσασι
1042 606 1078 673 δὲ
1093 608 1212 693 καίπερ
1234 631 1291 691 χα-

166 701 273 776 λεπὸν
296 701 336 773 όν
359 700 510 794 εὔπορον-
529 732 608 788 κτα,
631 734 708 792 quac
731 717 773 776 sic
797 716 918 793 quidem
942 720 975 781 ut
990 716 1184 779 traditasuut
1207 718 1289 776 nuilo

167 817 256 878 modo
279 818 421 900 explicari
444 821 579 894 possunt.
624 819 700 878 Num
724 819 860 897 exemplu
883 838 900 877 a
923 819 1014 879 Closs.
1037 819 1129 878 cilatc
1152 818 1190 877 ad
1214 818 1288 878 dati-

166 941 236 981 vum
260 903 497 1000 ὑποχωρήσασι
520 910 662 980 tuendum
687 925 791 998 aperte
805 922 903 981 aliena
918 925 997 999 snut,
1019 940 1106 998 quem
1130 922 1290 999 unnsquis-

167 1043 225 1102 que
249 1042 315 1084 cum
331 1008 479 1102 εόπορον
495 1014 585 1082 ἔσται
606 1023 789 1101 conjungere
806 1024 901 1085 debet.
945 1025 991 1084 Ex
1008 1024 1188 1102 conjecturis
1211 1044 1290 1102 quac

166 1129 302 1205 prolatae
325 1126 395 1186 sunt
418 1127 545 1186 maximo
569 1126 638 1186 mibi
662 1128 763 1204 placet
785 1125 891 1186 Stahlii
914 1129 1049 1204 quamvis
1072 1147 1132 1188 non
1154 1129 1196 1187 ita
1215 1127 1288 1187 faci-

166 1232 218 1292 lis:
240 1217 477 1309 ὑποχωρήσασι
493 1223 528 1288 db
546 1218 712 1307 χαλεπόν·
735 1223 791 1287 καὶ
811 1219 874 1308 γὰρ
898 1215 1046 1309 εόπορον
1067 1219 1165 1290 ἔσται.
1204 1230 1286 1291 Idem

165 1338 233 1410 post
259 1321 434 1409 μενόντων
461 1331 626 1399 rectissime
652 1333 778 1394 inseruit
802 1325 871 1410 μέν.
922 1334 998 1392 Nam
1028 1333 1129 1411 priora
1153 1333 1215 1410 jam
1246 1319 1290 1412 ἢν

165 1422 336 1514 ἒθέλωμὲν
357 1453 393 1495 τε
414 1440 524 1515 μεῖναι
545 1430 602 1494 καὶ
623 1423 667 1514 μη
683 1463 726 1477 -—
741 1428 1017 1514 καταπροδοῦναι
1041 1436 1198 1513 utriusque
1221 1456 1291 1497 con·

166 1539 292 1600 dicionis
315 1539 535 1600 distinctionem
563 1541 725 1599 continent.
754 1540 843 1599 dcem
866 1558 921 1615 ego
945 1540 987 1598 111
1011 1541 1094 1611 58,2
1116 1528 1177 1617 μέν
1199 1539 1291 1601 inseri

165 1660 287 1702 necesse
310 1655 376 1701 esse
399 1646 488 1718 puto:
514 1632 619 1719 βραχὺ
641 1636 702 1718 μὲν
724 1631 786 1721 γάρ
813 1657 893 1715 xre,
916 1645 1075 1718 utrumque
1099 1643 1175 1701 enim
1201 1647 1290 1703 autea

46 1801 49 1807 .
165 1748 425 1804 commemoratum
447 1747 498 1815 est
521 1761 619 1819 neque
643 1742 700 1802 dici
723 1746 823 1819 potest
845 1743 994 1820 posterius
1009 1743 1172 1804 membrum
1196 1746 1289 1821 scrip·
1386 1816 1388 1819 Ι

163 1848 220 1907 tori
249 1865 309 1906 non
338 1847 528 1926 obversatum
554 1864 632 1921 esse,
659 1846 797 1923 quoniam
827 1843 857 1904 id
882 1847 1041 1906 maximum
1065 1851 1118 1906 est.
1162 1847 1230 1906 Alie
1253 1847 1289 1908 de
1360 1840 1380 1922 s

164 1966 256 2009 causa
278 1949 334 2008 VII
352 1951 390 2009 18
415 1948 484 2007 mihi
500 1938 560 2024 μέν
576 1947 746 2008 addendum
763 1967 828 2009 csse
844 1947 974 2026 videtur,
997 1948 1045 2007 ubi
1060 1949 1184 2025 legitur:
1208 1935 1290 2019 τούς
1380 1988 1383 1996 ·

166 2036 364 2131 Ἀθηναίους
387 2033 738 2130 εόκαθαιρετωτὲρους
761 2039 894 2109 ἔσεσθαι
909 2063 963 2089 -·
988 2041 1025 2108 ἐν
1048 2040 1110 2129 γὰρ
1133 2048 1183 2130 τῷ
1205 2068 1288 2131 προ-

163 2144 250 2232 τέρην
277 2139 424 2232 πολέμῳἹ
448 2143 612 2231 σφέτερον
642 2139 682 2211 τό
712 2139 935 2233 παρανόμημα
964 2148 1095 2231 μᾶλλον
1121 2143 1289 2233 γενέσθαι,

165 2243 218 2316 ότι
241 2270 295 2297 -·
322 2246 435 2336 ἐπειδὴ
459 2250 495 2315 δὲ
518 2247 551 2313 οἱ
573 2242 744 2336 Ἀθηναῖοι
767 2290 807 2300 -
830 2245 993 2333 ἐδῄωσαν
1008 2273 1075 2315 κτε.
1120 2259 1196 2318 Nam
1221 2276 1289 2319 cuu-

164 2378 215 2420 sue
238 2360 285 2419 hic
308 2379 368 2419 non
392 2359 544 2436 inpriore
573 2359 625 2418 sed
654 2361 683 2418 in
707 2359 872 2435 posteriore
898 2359 1027 2420 membro
1056 2378 1288 2420 commemorau-

162 2470 219 2526 tur.
263 2464 339 2523 Tum
364 2468 461 2524 cutem
485 2462 655 2539 inpriore,
682 2463 764 2540 qnod
793 2441 880 2522 modo
904 2463 1100 2539 oppositionis
1123 2481 1213 2523 causa
1236 2465 1289 2523 od·

163 2567 255 2628 ditum
280 2569 335 2645 est,
356 2566 505 2644 particula
526 2559 587 2642 μέν
611 2565 771 2642 significari
794 2565 883 2626 debet
905 2566 1076 2642 primariam
1099 2584 1217 2626 causum
1242 2585 1288 2628 se-

162 2671 223 2747 qui.
267 2669 359 2747 Cujus
388 2687 459 2728 usus
486 2668 623 2744 exempla
645 2687 673 2728 v.
693 2687 720 2745 p.
739 2672 788 2729 15.
813 2697 854 2707 -
882 2667 916 2726 ln
943 2667 1169 2740 condicionibus
1196 2686 1288 2745 oppo-

162 2773 226 2833 sitis
249 2765 309 2850 pc'v
333 2772 472 2833 omissum
497 2775 543 2831 est
565 2772 747 2844 111113,o:
770 2753 974 2849 Ἀμπρακίαν
996 2761 1112 2837 μέντοι
1135 2758 1210 2828 οἶδα
1233 2755 1287 2828 ότι

162 2869 190 2934 εἰ
212 2865 450 2954 ἐβουλήθησαν
472 2886 528 2913 —·
552 2870 617 2932 νῦν
640 2857 673 2931 δ’
689 2863 829 2944 ἔδεισαν,
852 2872 903 2932 ubi
927 2876 1030 2950 aperte
1054 2873 1201 2950 oppositio
1221 2869 1286 2931 νῦν
1356 2910 1359 2917 ·

162 2959 204 3037 δέΙ
225 2978 320 3055 primo
349 2997 409 3037 non
437 2978 466 3036 in
495 2975 648 3053 scriptoris
670 2978 769 3035 mente
797 2978 868 3034 erat.
914 2975 958 3035 ΙΠ
978 2978 1068 3046 40,4
1096 2969 1287 3036 condiciones
1317 3044 1323 3052 .

163 3081 283 3141 omnino
312 3099 371 3140 non
391 3070 470 3139 'sunt
497 3079 672 3138 contrariae.
716 3079 758 3138 111
784 3081 871 3155 12,3
899 3091 971 3137 vero
999 3076 1190 3139 condiciones
1218 3095 1287 3137 con·

147 3185 272 3243 ,icariae
296 3201 355 3242 unu
378 3183 479 3260 priora
501 3182 662 3258 illustrant,
684 3181 732 3240 vel
752 3180 852 3259 potius
874 3181 959 3256 prius
982 3179 1144 3252 membrum
1168 3181 1288 3256 apposi-

162 3292 224 3346 tum
249 3290 295 3345 cst
322 3283 360 3345 ad
383 3285 533 3361 posterius
556 3283 651 3360 magis
674 3283 873 3359 efferendum,
904 3283 1004 3360 itaque
1027 3283 1126 3342 nescio
1154 3301 1192 3340 cn
1215 3282 1286 3342 scri·
1396 3332 1399 3337 .

162 3389 291 3450 bendum
315 3389 353 3448 sit
376 3379 404 3446 εἰ
425 3378 486 3465 μὲν
509 3371 570 3466 γὰρ
594 3380 732 3446 δυνατοὶ
753 3365 847 3464 ἦμεν,
876 3384 913 3446 cf.
936 3386 949 3445 I
973 3388 1040 3458 143,
1058 3389 1093 3462 53
1120 3385 1164 3455 ΠΙ
1185 3388 1234 3463 65,
1251 3388 1285 3456 23
1330 3450 1333 3455 ,

162 3493 204 3552 rv
223 3497 270 3566 τε,
290 3496 318 3552 n.

246 3597 402 3655 Postremo
425 3576 488 3671 μέν
516 3593 546 3651 in
577 3592 788 3669 partitionibus
819 3592 957 3652 omissum
989 3607 1055 3650 esse
1085 3590 1217 3663 videtur,
1248 3609 1287 3650 ne

164 3698 249 3758 nimis
271 3716 365 3775 prope
388 3697 426 3756 ad
450 3695 532 3756 aliud
552 3688 613 3773 μέν
636 3695 807 3765 accederet,
830 3699 862 3754 ut
884 3695 938 3754 VH
955 3697 1003 3770 50,
1020 3698 1055 3755 3:
1083 3682 1286 3771 Λακεδαιμό-

163 3820 229 3862 νιοι
251 3796 311 3882 μὲν
333 3788 479 3881 ἡγεμόνα
503 3788 725 3878 Σπαρτιάτην
747 3784 983 3878 παρεχόμενοι,
1006 3786 1227 3875 νεοδαμώδεις
1250 3790 1309 3856 δὲ·

162 3895 241 3975 τοὺς
269 3890 393 3975 ἄλλους
423 3897 479 3961 καὶ
507 3895 658 3973 Εἵλωτας
689 3901 832 3962 chicstico
862 3900 1067 3978 oppositorum
1096 3900 1200 3960 ordine
1230 3918 1285 3977 pro

164 3983 422 4084 Λακεδαιμόνιοι
443 3999 504 4084 μὲν
527 3993 745 4085 Σπαρτιάτην
767 3998 828 4082 μὲν
851 3986 942 4082 ἡγεμ.
967 4019 1045 4076 ατε,
1068 4004 1109 4063 IV
1122 4007 1174 4074 21,
1193 4007 1208 4062 1
1235 4001 1285 4061 nbi

164 4115 357 4188 exspectatur
372 4102 408 4168 ἐν
423 4104 485 4187 μὲν
499 4105 549 4188 τῷ
565 4103 647 4187 πρὶν
660 4097 783 4186 χρόνῳ,
806 4108 832 4167 V
848 4111 866 4168 2
889 4125 944 4183 pro
960 4093 1101 4175 ὁπλίτας
1115 4097 1175 4183 μὲν
1191 4088 1286 4184 ,Ἀθη-

165 4207 272 4274 ναίων
298 4205 370 4290 μέν,
401 4215 431 4271 ot
459 4210 656 4277 collocatione
683 4211 877 4288 epexegeticc
899 4209 925 4268 V
946 4213 1041 4286 32,1;
1072 4200 1286 4277 Σκιωναίους
