2842 4620
146 221 187 277 24

146 372 190 465 μὴ
217 375 345 454 παντὸς
375 375 639 463 οτερισκῶμεθα,
668 388 718 446 ubi
750 366 843 445 verba
871 383 932 444 τοῦ
960 380 1023 462 μὲν
1051 376 1149 464 ἔργου
1178 387 1266 446 mode

146 489 343 566 oppositionis
366 506 457 547 causa
479 488 580 548 addita
603 506 667 548 esse
692 492 817 547 constat.
913 533 917 544 .

685 619 722 683 V.

231 729 276 787 De
310 726 522 802 particularum
555 727 584 785 in
615 726 824 803 partitionibus
858 744 929 797 usn,
971 729 1020 804 qui
1059 729 1196 787 nImirum
1231 748 1267 788 ex

146 829 328 907 paratactica
351 846 451 888 earnm
476 829 516 899 vi,
549 848 608 905 qna
638 820 756 888 duobus
788 829 932 905 subjectis
954 830 1075 888 diversa
1097 830 1269 906 praedicata

146 932 358 1006 attribuuntur,
382 935 470 989 natus
494 916 547 1006 est,
570 931 715 1007 cujusque
739 932 768 989 tn
792 950 973 1007 unaquaque
996 933 1106 1008 pagina
1129 933 1267 1007 exempta

146 1035 233 1111 plura
255 1033 407 1109 videntur,
437 1033 531 1092 muita
554 1033 647 1092 verba
669 1033 770 1092 facere
792 1031 986 1109 supersedeo.
1030 1033 1064 1093 Id
1088 1032 1176 1093 modo
1199 1033 1268 1094 dico

145 1142 238 1196 tetum
263 1136 348 1212 cujus
372 1140 473 1212 partes
496 1153 550 1210 per
571 1128 632 1212 μέν
654 1139 684 1194 et
707 1128 744 1192 δέ
765 1135 984 1210 significantur,
1016 1154 1106 1214 saepe
1129 1138 1269 1212 genetivo
1335 1164 1338 1169 <

147 1239 296 1316 partitIvo,
320 1238 438 1314 saepius
462 1255 533 1295 casu
558 1238 726 1313 appositive
743 1237 877 1312 exprimi,
900 1238 941 1296 ita
965 1242 997 1295 ut
1023 1243 1052 1297 et
1068 1238 1182 1297 dicatur
1200 1234 1270 1296 τῶν

148 1326 282 1418 ἀνδρῶν
304 1326 382 1410 τοὺς
402 1334 465 1417 μὲν
487 1371 528 1378 -
549 1324 628 1410 τούς
653 1333 689 1397 δέ
711 1343 740 1398 ot
769 1329 851 1410 τούς
881 1325 1005 1417 ἄνδρας
1034 1329 1116 1410 τούς
1144 1333 1206 1417 μὲν
1227 1373 1270 1381 -

146 1439 228 1513 τους
250 1435 294 1500 δέ.
341 1443 423 1502 lilius
456 1442 534 1500 medi
558 1441 637 1517 apud
661 1441 799 1518 Thucyd.
833 1442 969 1520 exempla
997 1443 1098 1503 inveni
1121 1444 1268 1519 quinqua-

147 1549 242 1622 ginta,
273 1546 362 1621 hujus
386 1545 519 1619 quinque
544 1547 573 1602 et
601 1545 771 1618 nonaginta.
822 1545 868 1602 Ex
900 1545 1040 1619 genetivo
1066 1545 1105 1603 ad
1137 1547 1277 1605 nomina·

146 1650 239 1707 tivum
256 1648 400 1706 transitur
417 1646 505 1716 1180,
519 1649 551 1705 5:
565 1628 732 1721 Ἑλλήνων
747 1639 809 1722 μὲν
823 1634 1038 1723 -βάρβαροι
1055 1640 1099 1706 δέ.
1125 1649 1268 1722 v1113,2

149 1749 293 1811 Classenii
317 1749 492 1807 sententiam
525 1744 595 1805 τῶν
618 1743 755 1806 ναυτῶν
783 1766 847 1807 esse
870 1754 967 1823 genet.
990 1751 1162 1824 partitivum
1187 1756 1269 1810 ante·

148 1853 290 1928 pesitum,
322 1849 407 1926 cujus
431 1850 525 1926 prima
555 1867 623 1925 pars
655 1851 693 1908 sit
719 1845 790 1907 τῶν
818 1844 888 1926 μέν,
919 1851 1060 1910 sustineri
1090 1870 1148 1910 nen
1180 1869 1270 1928 pesse

149 1957 231 2030 puto,
252 1952 304 2012 sed
326 1948 398 2009 τῶν
420 1951 577 2011 delendum
602 1968 678 2025 esse,
701 1971 727 2008 v.
744 1951 888 2010 Stahlium
909 1954 938 2011 in
955 1953 1108 2029 Popponis
1131 1953 1270 2012 editione.

148 2057 253 2131 Neque
277 2056 373 2131 magis
407 2072 471 2112 oum
496 2054 587 2114 Oiass.
618 2054 772 2113 consentio
801 2055 944 2130 V54,5,
973 2055 1022 2114 ubi
1054 2035 1104 2112 ῶν
1126 2071 1213 2125 τινες
1236 2047 1269 2114 ei

147 2149 208 2233 μέν
229 2156 306 2216 idem
338 2174 403 2215 esse
435 2155 507 2214 dicit
540 2154 621 2230 qnod
645 2135 695 2212 ῶν
724 2147 756 2213 οὶ
787 2150 848 2232 μέν
869 2173 977 2227 τινες,·
1008 2146 1154 2226 sedsiliio
1181 2173 1271 2226 τινες

148 2262 254 2320 iterum
278 2259 462 2335 dividuntur,
486 2260 533 2317 hic
556 2275 644 2326 τινες
667 2257 859 2335 estquidam.
905 2257 982 2319 iilud
1006 2259 1053 2318 irie
1069 2259 1180 2319 dictum
1205 2278 1270 2320 esse

149 2381 207 2420 nen
230 2379 446 2437 possesensus
470 2361 567 2428 decet,
599 2378 692 2436 quare
725 2366 777 2420 aut
808 2378 896 2430 τινες
919 2361 1078 2422 delendum
1097 2357 1158 2422 ⁴aut
1181 2362 1269 2421 eollo·
1351 2386 1358 2401 ‘

149 2464 224 2523 catio
256 2462 396 2522 mutanda
425 2467 483 2539 est,
516 2454 548 2520 ei
579 2456 639 2539 μέν
679 2478 765 2533 τινες
801 2463 911 2539 legitur
942 2465 1076 2540 saepius:
1109 2465 1219 2537 11120,
1242 2469 1270 2526 2.

148 2568 175 2624 II
192 2571 220 2639 4,
236 2571 264 2625 4.
288 2569 336 2635 91,
352 2571 379 2625 4.
403 2566 442 2623 IV
460 2570 529 2642 113,
546 2570 574 2625 2.
618 2565 711 2623 Piera
733 2563 821 2623 etiarn
843 2567 978 2642 exempta
1001 2571 1078 2642 sunt,
1103 2567 1151 2626 ubi
1166 2571 1269 2642 partes

149 2688 206 2727 nen
232 2687 249 2726 a
271 2647 458 2727 substantivo
482 2671 575 2726 totum
599 2666 786 2742 significante
809 2667 950 2745 pendent,
973 2668 1026 2727 sed
1050 2687 1104 2743 per
1127 2687 1158 2728 se
1181 2674 1271 2729 stant.¹

148 2770 324 2847 Saepissime
347 2771 475 2847 alicujus
507 2773 549 2829 rei
574 2775 662 2829 antea
686 2771 979 2846 nominataepartes
1002 2777 1194 2846 exponuntur
1217 2791 1271 2848 per

103 2895 104 2899 ¹
148 2869 204 2930 καί
227 2891 375 2933 annexae:
400 2874 490 2949 V62,
509 2878 540 2932 1:
570 2862 792 2945 ἐβουλεύοντο
816 2867 871 2929 καὶ
895 2864 927 2931 ei
956 2867 1017 2950 μὲν
1040 2865 1095 2931 ἐπὶ
1118 2866 1271 2951 Λέπρεον

149 2966 317 3048 ἐκέλευον,
348 2971 520 3051 Μαντινῆς
544 2967 578 3031 δὲ
609 2965 664 3031 ἐπὶ
699 2968 833 3051 Τεγέαν,
863 2975 901 3032 ei:
925 2975 974 3051 VI,
990 2979 1040 3049 44,
1056 2979 1083 3035 2.
1132 2977 1165 3034 In
1199 2994 1272 3035 enu-

150 3078 311 3135 meratione
335 3077 438 3135 classis
460 3078 588 3152 partium
612 3075 749 3151 Thucyd.
774 3077 909 3135 civitates
932 3095 990 3136 non
1008 3095 1044 3136 ex
1068 3079 1270 3155 geographico

149 3179 254 3238 ordine
277 3181 440 3256 componit,
472 3179 524 3238 sed
556 3196 606 3238 eas
637 3197 714 3255 quae
745 3178 872 3238 eundem
904 3198 1059 3239 numerum
1090 3189 1272 3258 comparant,

150 3301 209 3341 una
231 3282 366 3356 collocat,
397 3282 466 3340 VIII
483 3287 510 3352 3,
526 3287 559 3341 4:
591 3276 647 3339 καὶ
669 3271 798 3340 ἑαυτῶν
823 3275 884 3358 μὲν
906 3277 962 3339 καὶ
984 3281 1148 3354 Βοιωτοῖς
1170 3273 1270 3342 πέντε

149 3378 204 3442 καὶ
220 3377 348 3442 εἴκοσιν
363 3373 531 3459 ἑκατέροις
548 3374 679 3459 ἔταξαν,
706 3382 857 3443 Φωκεῦσι
873 3379 909 3443 δὲ
924 3380 980 3442 καὶ
997 3383 1141 3463 Λοκροῖς
1156 3403 1272 3444 πεντε-

149 3481 286 3545 καίδεκα
309 3481 364 3543 καὶ
394 3481 592 3562 Κορινθίοις
622 3480 875 3560 πεντεκαίδεκα,
900 3472 1029 3564 Ἀρκάσι
1052 3482 1087 3546 δὲ
1109 3520 1151 3528 —-
1183 3478 1270 3560 δέκα,

151 3589 284 3678 simiIIter
310 3591 397 3648 vr4.
429 3588 499 3646 VIII
517 3593 585 3664 106,
602 3594 629 3648 3.
681 3590 786 3664 Itaque
811 3592 924 3660 laea
958 3591 1081 3666 conjicio
1112 3591 1269 3667 legendnm

150 3710 226 3750 esse:
243 3683 328 3766 ἦσαν
342 3684 376 3749 δὲ
392 3675 526 3748 Ἠλείων
538 3683 598 3766 μὲν
615 3679 694 3748 δέκα
709 3685 764 3748 καὶ
777 3686 975 3750 Λευκαδίων
987 3682 1076 3765 δέκα,
1091 3681 1272 3770 Μεγαρέων

149 3786 184 3851 δὲ
200 3784 337 3861 deiciens,
354 3777 614 3870 Ἀμπρακιωτῶν
630 3787 664 3851 δὲ
681 3809 748 3850 κτε.
787 3795 847 3854 Gur
862 3794 1004 3853 Leucadii
1029 3802 1061 3854 et
1081 3797 1271 3872 Megarenses

149 3913 203 3969 per
226 3890 284 3951 καί
307 3896 460 3972 conjuncti
482 3896 556 3967 sint,
588 3914 677 3955 causa
701 3897 782 3954 nnita
813 3896 939 3955 inveniri
963 3902 1076 3974 petest,
1099 3916 1165 3957 cnm
1189 3899 1271 3957 Eleis

150 3996 293 4055 Leucadii
317 3999 435 4056 navium
460 4016 613 4056 numerum
639 4016 821 4056 communem
846 3998 964 4057 habent.

234 4100 293 4157 Res
316 4118 394 4175 quae
418 4118 472 4175 per
501 4089 563 4176 μέν
585 4107 615 4160 et
646 4085 680 4157 δὲ
704 4100 799 4159 fusius
823 4101 1024 4176 explicantur,
1057 4102 1086 4160 in
1116 4103 1270 4161 enuntiato
1359 4092 1361 4095 ⁵

149 4200 345 4262 antecedente
372 4202 435 4279 jam
464 4203 631 4262 nominatae
659 4204 774 4264 varium
802 4204 832 4262 in
863 4202 982 4262 medum
1013 4205 1207 4282 copulantur,
1236 4224 1271 4265 ac
