2842 4620
1230 239 1269 296 31

143 420 205 468 σιν
228 395 326 480 εἶναι,
349 392 597 482 ἄδυνπτώτεροι
620 398 655 463 δὲ
677 401 741 463 τοῦ
755 436 798 446 -
816 397 1013 482 μέμψασθαι
1027 393 1141 481 λόγον,
1163 400 1273 484 κριτοὶ
1380 390 1382 393 ’

145 504 185 568 δὲ
214 498 311 580 ὄντες
343 493 410 568 ἀπὸ
437 505 501 567 τοῦ
532 501 607 567 ἴσον
638 505 768 585 μᾶλλον
794 539 836 547 -
867 493 1057 587 όρθοῦνται
1085 497 1127 566 τὰ
1152 502 1273 568 πλελοοε

148 596 307 688 ἀξιοῦσιν
321 613 445 672 verbum
469 610 517 669 fin.
540 614 586 670 est
607 611 758 686 prioribus
773 611 922 688 membris,
944 628 1010 670 cum
1027 611 1145 669 tertium
1163 629 1280 670 novumr

145 715 275 774 verbum
308 713 445 791 accipiat,
483 712 520 771 ci.
542 707 573 770 II
589 717 639 789 22,
654 718 681 775 3.
705 706 748 770 VI
764 716 812 787 90,
830 715 858 771 2.
886 707 1009 790 Vllrr,
1025 717 1054 772 6.
1075 715 1125 789 81,
1139 716 1167 772 4.
1197 707 1272 771 VIII

146 822 203 895 44,
218 822 247 879 3.
267 847 311 856 -
332 811 379 875 III
396 820 444 887 22,
461 819 479 876 2
503 815 700 892 participialis
711 814 898 874 constructio
914 815 1002 890 pinne
1025 834 1084 874 uon
1105 814 1273 891 respicitur.

147 914 196 977 VI
214 924 263 996 76,
278 922 310 979 2:
333 903 413 988 τοὺς
427 911 488 994 μὲν
503 911 752 995 λιποστρατίον,
776 907 856 987 τοὺς
872 908 908 976 δὲ
923 902 974 975 ἐπ’
991 901 1159 994 ἀλλήλους
1174 927 1272 994 orca-

147 1010 275 1093 τεύειν,
308 1027 380 1091 τοῖς
402 1013 437 1079 δὲ
466 1051 508 1060 -
531 1009 768 1098 ἐπενεγκόντες
790 1013 1073 1098 κατεστρέψαντοῑ
1106 1021 1143 1078 ad
1173 1021 1274 1098 priora

147 1127 284 1184 membra
307 1125 410 1200 partic.
434 1112 686 1200 ἐπενεγκόντες,
718 1123 755 1181 ad
779 1124 898 1183 tertium
921 1123 1005 1181 verb.
1029 1122 1078 1181 fin.
1100 1116 1275 1200 κατεστρέ·

147 1238 264 1304 ψαντο
293 1226 500 1302 supplendum·
524 1231 577 1285 cst.
627 1225 696 1283 Alia
725 1224 858 1284 variatae
889 1225 978 1284 tertio
1009 1224 1073 1284 ioco
1104 1232 1274 1285 structurae

149 1330 290 1406 exempla
319 1347 345 1387 v.
368 1325 449 1404 161,
465 1333 494 1388 4.
525 1323 635 1389 11133.
658 1322 703 1386 IV
721 1333 769 1402 76,
786 1332 812 1388 3.
845 1322 888 1386 VI
904 1332 952 1402 24,
968 1333 996 1389 3.
1019 1332 1068 1388 25.
1092 1332 1140 1407 69,
1157 1333 1184 1390 3.
1229 1331 1274 1388 De

147 1427 291 1507 1117,2
314 1421 457 1490 similibus
479 1431 561 1489 locis.

237 1566 353 1626 Revera
375 1585 434 1626 non
458 1566 567 1642 triplex
590 1565 711 1642 partitio
735 1571 779 1624 est
801 1560 896 1643 1165,
914 1569 946 1625 2:
969 1557 1159 1624 ἐλυποῦντο
1180 1550 1275 1644 ὁμὲν

148 1656 259 1748 δῆμος
281 1655 333 1728 ὅτι
356 1699 412 1746 -,
435 1659 467 1726 οἱ
491 1661 527 1726 δὲ
551 1661 690 1727 δυνατοὶ
712 1699 754 1711 —
778 1653 1046 1741 ἀπολωλεκότες,
1068 1659 1108 1727 τὸ
1132 1662 1167 1727 δὲ
1188 1663 1275 1747 μέγι-

147 1786 244 1845 στον,
266 1762 419 1849 πόλεμον
442 1755 513 1829 ἀντ)
536 1762 668 1851 εἰρήνης
691 1762 833 1848 ἔχονττςε
857 1772 985 1832 dubitari
1003 1792 1061 1832 uon
1079 1777 1179 1849 potest
1201 1774 1273 1850 quin

147 1865 307 1936 verbasci
332 1869 366 1933 δὲ
388 1869 455 1953 μέγ.
481 1892 529 1952 qu.
552 1893 614 1951 seq.
637 1856 808 1935 non-solum
833 1875 869 1934 ad
889 1866 921 1954 οἱ
938 1869 1078 1934 δυνατοί
1097 1877 1275 1954 pertineant,

148 1980 205 2040 seri
239 1979 327 2038 etiam
362 1979 400 2037 ad
431 1965 449 2035 ὃ
478 1971 591 2055 δῆμος
636 1973 761 2038 'Clarius
785 1979 933 2039 sententia
964 1981 1005 2038 ita
1034 1979 1098 2039 fere
1131 1996 1275 2055 expressa

149 2090 245 2144 esset:
275 2075 466 2140 ἐλυποῦντο
489 2075 550 2156 μὲν
572 2075 629 2139 καὶ
652 2067 763 2151 ἄλλως
785 2074 868 2161 ἰδίᾳ,
897 2065 915 2137 ὁ
938 2076 999 2154 μὲν
1022 2111 1081 2154 -,
1105 2073 1137 2139 οἱ
1161 2075 1196 2139 δὲ
1219 2113 1274 2153 -,

147 2173 189 2245 τὸ
219 2178 255 2244 δὲ
284 2178 443 2262 μέγιστον
468 2175 601 2252 πάντες.
656 2183 794 2242 Similiter
825 2178 869 2241 VI
891 2187 979 2256 23,2
1011 2185 1135 2261 cogitari
1162 2189 1275 2260 potest:

149 2277 248 2357 εἰδώς
271 2279 352 2344 δέον
374 2279 434 2364 μὲν
456 2269 539 2363 ὑμᾶς
561 2274 670 2343 πολλὰ
691 2279 753 2362 μὲν
774 2316 825 2358 -,
849 2275 897 2344 ’ἑτι
920 2279 955 2346 δὲ
976 2280 1085 2344 πλείω
1108 2319 1158 2358 -,
1180 2284 1273 2363 χολε-

150 2379 220 2448 πόν
244 2378 285 2448 (λὲ
304 2406 369 2446 κτε.

238 2529 303 2587 Nec
328 2527 415 2602 pauci
439 2530 509 2585 sunt
532 2527 604 2603 loci,
636 2525 686 2585 ubi
709 2532 777 2601 post
798 2520 859 2602 μέν
890 2555 932 2564 -
962 2519 999 2584 δέ
1026 2526 1138 2603 aliquid
1161 2545 1217 2602 per
1240 2520 1276 2585 δέ

159 2631 336 2703 annectitur,
369 2629 416 2686 cui
438 2647 503 2687 cum
532 2629 626 2705 primo
651 2629 780 2688 membro
813 2627 894 2688 nulia
922 2629 998 2688 ratio
1021 2629 1191 2705 intercedit,
1222 2630 1274 2689 sed

154 2714 234 2808 quod
264 2732 356 2809 priori
385 2723 422 2788 δέ
447 2735 499 2790 aut
525 2731 636 2807 aliquid
665 2729 803 2808 opponit,
836 2738 869 2790 ut
895 2726 986 2806 Π16,
1003 2735 1037 2791 2:
1069 2725 1128 2809 τῆς
1155 2724 1190 2788 δὲ
1216 2726 1276 2809 γῆς

152 2830 212 2914 τῆς
239 2828 301 2912 μὲν
329 2822 431 2913 ἄλλης
464 2822 629 2911 ἐκράτουν
660 2824 693 2892 οἱ
724 2823 1035 2913 Μυτιληναῖοι,τό
1064 2829 1100 2893 δὲ
1130 2829 1208 2911 περὶ
1234 2821 1276 2892 τὰ

152 2927 366 3029 στρατόπεδα
390 2921 431 2993 οὐ
452 2927 541 2995 πολο
562 2943 718 3015 κατεῖχον
740 2953 773 2994 οι
764 2920 975 3016 Ἀθηναῖοι,
998 2926 1216 3015 ναυσταθμος
1239 2930 1275 2995 δε

150 3037 284 3118 μᾶλλον
314 3031 356 3117 ἠν
387 3027 573 3110 αὕτοῖς-
604 3027 783 3117 irratio,
814 3039 850 3099 cf.
879 3034 1032 3115 H158,.6
1062 3035 1143 3101 V56
1146 3045 1194 3118 ,3,
1224 3045 1276 3100 aut

87 3220 91 3226 ἢ
152 3144 282 3219 aitqnam
306 3162 366 3202 rem
391 3145 511 3201 minoris
534 3145 672 3203 momenti
696 3142 848 3218 adjungIt:
870 3137 916 3200 VI
932 3139 1111 3222 3151524
1133 3136 1193 3221 μὲν
1214 3131 1275 3201 πό-

154 3244 239 3313 λεως
261 3229 385 3304 ὅοα-
387 3241 487 3316 ,τοῖν
510 3238 546 3303 δὲ
568 3229 815 3302 tormentata
816 3240 947 3324 ,χωρὶς
932 3229 1165 3315 96'6232269’
1150 3262 1191 3326 ην
1206 3263 1274 3303 κτε

153 3347 244 3408 Sed
237 3367 266 3406 m
290 3349 334 3408 his
357 3347 502 3425 exemplis
525 3349 574 3406 vix
591 3347 628 3406 de
651 3348 747 3407 tribus
769 3348 907 3408 membris
923 3348 1070 3408 enuntiati
1094 3349 1152 3408 dici
1168 3352 1275 3425 potest,

154 3452 292 3527 quoniam
324 3456 484 3526 utrumque
515 3443 551 3508 δέ
573 3467 633 3508 una
661 3451 827 3526 particulae
856 3444 917 3527 μεν
949 3453 1119 3528 opponitur.
1167 3445 1275 3526 Itaque

153 3534 183 3612 in
207 3553 378 3614 universum
411 3552 494 3613 nobis
517 3551 674 3612 dicendum
708 3557 754 3612 cst
783 3554 840 3612 tria
864 3553 1009 3613 enuntiati
1032 3553 1164 3612 membra
1185 3552 1276 3628 parti·

155 3657 230 3717 culis
253 3651 314 3734 μέν
329 3687 371 3696 -
387 3649 423 3716 (λε’
437 3686 480 3695 -
496 3648 533 3713 δέ
554 3655 723 3715 introducta
745 3655 782 3713 ad
808 3674 926 3716 sensum
942 3656 1022 3734 paris
1046 3655 1185 3714 momenti
1201 3672 1275 3714 esse.

238 3755 276 3818 In
311 3766 417 3837 quarto
448 3759 578 3819 membro
603 3777 824 3835 nonnumquam
855 3752 911 3816 καί
940 3758 1075 3818 adhiberi
1106 3758 1135 3816 in
1164 3757 1276 3817 talibus

153 3863 428 3923 enumerationibus
459 3881 519 3922 uon
544 3863 646 3922 mirum
675 3866 728 3921 est.
777 3862 853 3920 Tum
882 3879 931 3921 res
954 3865 1061 3937 quarto
1091 3860 1156 3920 loco
1179 3861 1276 3937 posita

154 3976 225 4042 apta
241 3969 294 4035 cst,
318 3983 394 4040 quae
410 3969 501 4025 totam
518 3984 578 4024 rom
596 3966 739 4036 absolvat,
765 3970 797 4023 ut
815 3957 857 4022 VI
873 3967 923 4035 88,
937 3968 968 4025 6:
984 3952 1138 4041 ἔπεμψαν
1151 3952 1212 4041 μέν
1223 3994 1275 4036 -,

156 4058 309 4144 ἔπεμψαν
333 4055 368 4124 δὲ
390 4098 447 4139 -,
469 4056 712 4146 περιήγγελλον
740 4052 774 4124 δὲ
797 4060 930 4138 κα1-,
953 4059 1009 4123 καὶ
1031 4044 1139 4124 τᾶλλα
1160 4058 1193 4137 ἐς
1215 4053 1276 4124 τὸν

156 4158 402 4248 περιτειχισμὸν
423 4152 618 4248 ἡτοίμαζον,
641 4170 679 4230 cf.
702 4163 748 4227 III
764 4172 814 4247 82,
829 4175 857 4231 4.
879 4163 924 4228 IV
941 4172 990 4230 70.
