2842 4620
241 1067 452 1179 Grammatica
469 1120 672 1196 comparativa
687 1121 717 1178 et
732 1117 1005 1193 antiquissimorum
1020 1118 1190 1195 linguarum
1208 1117 1274 1177 ion·

154 1224 227 1283 tium
257 1221 426 1281 observatio
459 1225 602 1297 quantum
635 1219 672 1278 ad
704 1221 855 1297 syntaxim
887 1238 1006 1298 quoque
1037 1220 1273 1297 cognoscendam

156 1325 329 1401 contulerit,
357 1342 444 1383 nemo
472 1327 518 1383 est
547 1324 618 1400 quin
646 1323 728 1383 sciat.
777 1323 925 1400 Imprimis
953 1324 1127 1383 vocularum
1156 1324 1272 1383 illarum

156 1445 232 1504 quae
255 1427 369 1486 varium
392 1427 422 1484 in
446 1425 563 1485 modum
588 1426 742 1484 enuntiata
763 1426 911 1502 copulant,
934 1429 1124 1485 naturatum
1147 1425 1274 1502 demum,

155 1547 220 1588 cum
243 1521 377 1588 affinium
400 1527 570 1604 linguarum
593 1527 686 1587 rerba
708 1527 922 1604 respondentia
950 1532 979 1588 et
1003 1544 1074 1587 usus
1097 1528 1274 1588 Homericus

155 1632 321 1708 comparari
343 1633 468 1706 coeptus
485 1634 538 1704 est,
560 1629 680 1705 penitus
702 1630 856 1690 intellecta
876 1633 930 1689 est.
968 1631 1073 1706 Itaque
1097 1648 1162 1689 cum
1186 1633 1275 1690 antea

156 1751 191 1791 ex
214 1733 382 1792 Atticorum
411 1731 498 1791 modo
525 1749 661 1791 sermone
690 1731 876 1790 considerato
905 1731 1054 1808 particula
1073 1724 1135 1808 μέν
1162 1730 1204 1791 ita
1230 1732 1274 1790 in·

124 1866 126 1870 >
155 1836 355 1912 teliegeretur,
377 1833 464 1911 quasi
480 1833 617 1910 primitus
633 1834 677 1893 vis
694 1833 866 1893 concessiva
882 1838 961 1893 esset
982 1837 1012 1893 et
1035 1834 1182 1911 oppositio
1206 1853 1272 1893 cum

155 1930 192 1996 δέ
213 1938 299 2014 sequi
315 1937 446 2014 deberet,
469 1940 498 1995 et
520 1935 779 2013 grammaticorum
803 1941 832 1996 et
854 1936 1080 1997 Homericorum
1102 1935 1208 1996 studiis
1231 1955 1275 1996 re·

154 2045 271 2117 portum
295 2043 341 2100 est
361 2032 422 2116 μέν
444 2038 521 2098 idem
545 2038 714 2114 essequod
737 2027 803 2117 μήν
826 2040 855 2098 vi
875 2037 1081 2099 confirmativa
1103 2044 1132 2098 et
1155 2057 1275 2099 asseue-

154 2146 248 2202 rante.
293 2141 351 2216 Qui
374 2135 542 2202 docuerunt
569 2158 635 2200 eum
660 2159 745 2201 usum
769 2139 850 2217 apud
873 2142 1034 2202 Homerum
1058 2141 1199 2201 latissime
1222 2161 1275 2219 pa·

59 2235 61 2240 ’
155 2248 232 2315 tere,
264 2243 344 2320 apud
375 2241 559 2302 Herodotum
589 2261 649 2301 non
680 2259 750 2301 raro
781 2242 907 2302 inveniri
942 2261 1040 2319 neque
1070 2261 1141 2303 vero
1172 2242 1275 2303 deesse

155 2345 236 2423 apud
260 2347 375 2406 Atticos
397 2345 539 2422 vestigia,
561 2346 713 2422 vulgatam
736 2344 984 2421 significationem
1012 2364 1048 2405 ex
1072 2365 1107 2406 eo
1130 2346 1275 2425 paulatim

155 2454 248 2509 ortam
277 2452 307 2509 et
329 2452 512 2508 attenuatam
536 2465 610 2509 esse.
655 2449 783 2508 Nomino
806 2450 968 2525 praecipue
996 2449 1149 2524 Hartung,
1178 2449 1275 2509 Lehre

138 2569 215 2611 1von
230 2550 287 2610 den
303 2550 509 2628 griechischen
525 2549 692 2635 Partikeln‚
715 2570 742 2628 p.
759 2554 822 2612 390
832 2569 905 2628 sqq,
928 2555 959 2610 et
981 2551 1145 2625 Baumiein
1169 2553 1276 2611 Unter-

155 2652 328 2729 suchungen
357 2653 432 2713 dher
454 2653 642 2731 griechische
665 2651 835 2731 Partikeln,
857 2651 889 2730 fp.
913 2656 974 2714 159
988 2671 1065 2730 sqq,
1094 2653 1278 2731 Mutnhauer‚

154 2756 216 2815 Der
239 2754 424 2814 homerische
448 2755 605 2815 Gebrauch
634 2754 688 2815 der
713 2752 848 2814 Partihel
868 2749 939 2832 μέν,
968 2754 1108 2815 Coloniae
1130 2751 1275 2830 1884s86.

153 2858 267 2917 Tamen
292 2857 318 2915 ei
340 2856 396 2917 viri
419 2857 582 2917 doctissimi
611 2857 708 2917 studio
731 2857 790 2915 vim
814 2857 1048 2917 confirmativam
1078 2858 1166 2917 etiam
1195 2858 1275 2932 apud

155 2959 270 3018 Atticos
287 2958 471 3019 monstrandi
494 2959 585 3036 paulo
601 2959 721 3036 longius
737 2960 920 3036 processisse
938 2959 1007 3018 mihi
1023 2958 1162 3018 videntur
1186 2977 1274 3035 quam

155 3061 248 3122 libera
270 3061 474 3139 exemplorum
491 3061 702 3138 contemplatio
725 3062 860 3121 sustinet.
905 3063 1004 3138 Atque
1027 3062 1082 3120 etsi
1107 3061 1186 3138 apud
1202 3081 1275 3123 non·

154 3164 251 3224 nullos
273 3163 465 3241 scriptores,v
480 3163 623 3240 imprimis
646 3164 813 3237 Platonem,
841 3164 905 3223 eius
929 3180 1001 3222 usus
1025 3165 1119 3224 multa
1142 3165 1277 3240 exempla

152 3266 362 3345 inveniuntur,
386 3270 487 3326 tamen
514 3267 544 3325 in
574 3266 662 3342 longe
690 3265 817 3324 maxima
844 3267 976 3325 locorum
1001 3265 1189 3326 multitudine
1215 3260 1277 3343 μέν

153 3370 194 3427 ita
217 3373 390 3446 usurpatum
414 3377 467 3448 est,
490 3371 523 3428 ut
546 3369 694 3446 oppositio
717 3388 783 3429 cum
804 3362 842 3427 δέ
863 3371 1013 3445 sequatur.
1059 3369 1165 3445 Itaque
1189 3387 1274 3428 usum

153 3470 348 3546 antiquissimi
380 3489 486 3548 prosae
519 3472 661 3532 orationis
690 3472 856 3532 Atticorum
888 3470 1058 3549 scriptoris,
1087 3471 1275 3546 Thucydidis

153 3591 268 3650 nempe,
291 3603 332 3614 -
355 3573 393 3633 de
415 3574 608 3649 Antiphontis
632 3591 687 3633 usu
717 3576 774 3634 iam
803 3573 968 3650 disputavit
990 3572 1134 3633 Schaefer
1162 3574 1191 3632 in
1215 3573 1274 3633 dis·

153 3675 316 3736 sertatione
347 3676 425 3737 Gott.
456 3680 549 3738 1877:
585 3676 622 3736 de
652 3678 866 3754 particularum
899 3675 1106 3735 nonnullarum
1136 3694 1183 3752 ap.
1207 3676 1274 3736 Ant.

153 3796 210 3838 usu
233 3809 275 3820 -
298 3778 471 3857 diligentius
495 3781 669 3857 perquirere
692 3799 751 3839 non
775 3796 1031 3857 supervacaneum
1054 3779 1165 3854 putavi.

620 3962 728 4035 ,1.

237 4087 326 4166 Apud
350 4106 438 4165 quom
461 4088 491 4147 in
515 4088 625 4165 exigno
649 4087 851 4165 exemplorum
874 4105 998 4148 numero
1022 4087 1074 4148 ubi
1096 4106 1156 4147 non
1180 4105 1272 4148 enun-

152 4189 256 4251 tiatum
279 4207 345 4251 oum
361 4191 509 4269 particula
524 4189 726 4269 respondente
742 4191 887 4269 sequitur,
909 4189 1084 4250 omniafere
1108 4190 1180 4250 talia
1195 4192 1274 4262 sunt,
