<?xml version="1.0" encoding="UTF-8"?>
<!DOCTYPE html PUBLIC "-//W3C//DTD XHTML 1.0 Transitional//EN"
    "http://www.w3.org/TR/xhtml1/DTD/xhtml1-transitional.dtd">
<html xmlns="http://www.w3.org/1999/xhtml" xml:lang="en" lang="en">
 <head>
  <title>
</title>
<meta http-equiv="Content-Type" content="text/html;charset=utf-8" />
  <meta name='ocr-system' content='tesseract 3.04.00' />
  <meta name='ocr-capabilities' content='ocr_page ocr_carea ocr_par ocr_line ocrx_word'/>
</head>
<body>
  <div class='ocr_page' id='page_1' title='image "./departicularumm00oeltgoog_0012.png"; bbox 0 0 2842 4620; ppageno 0'>
   <div class='ocr_carea' id='block_1_1' title="bbox 1251 247 1268 303">
    <p class='ocr_par' dir='ltr' id='par_1_1' title="bbox 1251 247 1268 303">
     <span class='ocr_line' id='line_1_1' title="bbox 1251 247 1268 303; baseline 0 0"><span class='ocrx_word' id='word_1_1' title='bbox 1251 247 1268 303; x_wconf 80' lang='lat'><strong>7</strong></span> 
     </span>
    </p>
   </div>
   <div class='ocr_carea' id='block_1_2' title="bbox 59 401 1346 4276">
    <p class='ocr_par' dir='ltr' id='par_1_2' title="bbox 152 401 1270 592">
     <span class='ocr_line' id='line_1_2' title="bbox 152 401 1270 491; baseline -0.001 -19"><span class='ocrx_word' id='word_1_2' title='bbox 152 413 198 472; x_wconf 87' lang='lat' dir='ltr'><strong>his</strong></span> <span class='ocrx_word' id='word_1_3' title='bbox 220 414 311 488; x_wconf 87' lang='lat' dir='ltr'><strong>igitur</strong></span> <span class='ocrx_word' id='word_1_4' title='bbox 334 413 487 490; x_wconf 87' lang='lat' dir='ltr'><strong>exemplis,</strong></span> <span class='ocrx_word' id='word_1_5' title='bbox 510 414 559 472; x_wconf 90' lang='lat' dir='ltr'><strong>ubi</strong></span> <span class='ocrx_word' id='word_1_6' title='bbox 581 405 643 491; x_wconf 82' lang='grc' dir='ltr'><strong>μέν</strong></span> <span class='ocrx_word' id='word_1_7' title='bbox 665 413 832 488; x_wconf 78' lang='lat' dir='ltr'>pronomini</span> <span class='ocrx_word' id='word_1_8' title='bbox 848 401 913 490; x_wconf 79' lang='grc' dir='ltr'><strong>ἐγώ</strong></span> <span class='ocrx_word' id='word_1_9' title='bbox 935 413 1133 490; x_wconf 87' lang='lat' dir='ltr'><strong>postpositum</strong></span> <span class='ocrx_word' id='word_1_10' title='bbox 1149 417 1202 484; x_wconf 87' lang='lat' dir='ltr'><strong>est,</strong></span> <span class='ocrx_word' id='word_1_11' title='bbox 1225 414 1270 472; x_wconf 90' lang='lat' dir='ltr'><strong>vis</strong></span> 
     </span>
     <span class='ocr_line' id='line_1_3' title="bbox 152 514 732 592; baseline -0.002 -17"><span class='ocrx_word' id='word_1_12' title='bbox 152 514 358 576; x_wconf 87' lang='lat' dir='ltr'><strong>confirmativa</strong></span> <span class='ocrx_word' id='word_1_13' title='bbox 381 534 440 574; x_wconf 90' lang='lat' dir='ltr'><strong>non</strong></span> <span class='ocrx_word' id='word_1_14' title='bbox 463 515 656 592; x_wconf 86' lang='lat' dir='ltr'><strong>agnoscenda</strong></span> <span class='ocrx_word' id='word_1_15' title='bbox 678 519 732 574; x_wconf 90' lang='lat' dir='ltr'><strong>est</strong></span> 
     </span>
    </p>

    <p class='ocr_par' dir='ltr' id='par_1_3' title="bbox 149 599 1346 1922">
     <span class='ocr_line' id='line_1_4' title="bbox 236 599 1346 694; baseline -0.001 -18"><span class='ocrx_word' id='word_1_16' title='bbox 236 617 312 676; x_wconf 86' lang='lat' dir='ltr'><strong>isaei</strong></span> <span class='ocrx_word' id='word_1_17' title='bbox 335 617 430 694; x_wconf 91' lang='lat' dir='ltr'><strong>prima</strong></span> <span class='ocrx_word' id='word_1_18' title='bbox 453 617 548 676; x_wconf 88' lang='lat' dir='ltr'><strong>oratio</strong></span> <span class='ocrx_word' id='word_1_19' title='bbox 571 615 687 693; x_wconf 79' lang='lat' dir='ltr'><strong>incipit:</strong></span> <span class='ocrx_word' id='word_1_20' title='bbox 708 605 822 692; x_wconf 85' lang='grc' dir='ltr'><strong><em>πολλὴ</em></strong></span> <span class='ocrx_word' id='word_1_21' title='bbox 844 609 905 692; x_wconf 79' lang='grc' dir='ltr'><strong>μὲν</strong></span> <span class='ocrx_word' id='word_1_22' title='bbox 926 599 946 693; x_wconf 86' lang='grc' dir='ltr'><strong><em>ή</em></strong></span> <span class='ocrx_word' id='word_1_23' title='bbox 964 600 1130 694; x_wconf 84' lang='grc' dir='ltr'><strong><em>μεταβολή</em></strong></span> <span class='ocrx_word' id='word_1_24' title='bbox 1146 631 1204 693; x_wconf 94' lang='grc' dir='ltr'><strong><em>μοι</em></strong></span> <span class='ocrx_word' id='word_1_25' title='bbox 1218 610 1270 694; x_wconf 81' lang='grc' dir='ltr'><strong>γέ·</strong></span> <span class='ocrx_word' id='word_1_26' title='bbox 1344 638 1346 643; x_wconf 95' lang='grc'><em>·</em></span> 
     </span>
     <span class='ocr_line' id='line_1_5' title="bbox 151 718 1270 798; baseline 0 -20"><span class='ocrx_word' id='word_1_27' title='bbox 151 735 262 798; x_wconf 75' lang='grc' dir='ltr'><strong><em>γονεν,</em></strong></span> <span class='ocrx_word' id='word_1_28' title='bbox 292 719 340 778; x_wconf 89' lang='lat' dir='ltr'><strong>ubi</strong></span> <span class='ocrx_word' id='word_1_29' title='bbox 363 719 438 779; x_wconf 90' lang='lat' dir='ltr'><strong>nihil</strong></span> <span class='ocrx_word' id='word_1_30' title='bbox 460 723 506 779; x_wconf 91' lang='lat' dir='ltr'><strong>est</strong></span> <span class='ocrx_word' id='word_1_31' title='bbox 534 718 614 795; x_wconf 90' lang='lat' dir='ltr'><strong>quod</strong></span> <span class='ocrx_word' id='word_1_32' title='bbox 638 718 833 795; x_wconf 88' lang='lat' dir='ltr'><strong>oppositionis</strong></span> <span class='ocrx_word' id='word_1_33' title='bbox 856 718 920 779; x_wconf 88' lang='lat' dir='ltr'><strong>loco</strong></span> <span class='ocrx_word' id='word_1_34' title='bbox 943 718 1079 795; x_wconf 86' lang='lat' dir='ltr'><strong>suppleri</strong></span> <span class='ocrx_word' id='word_1_35' title='bbox 1103 721 1210 796; x_wconf 82' lang='lat' dir='ltr'><strong>possit,</strong></span> <span class='ocrx_word' id='word_1_36' title='bbox 1239 723 1270 780; x_wconf 91' lang='lat' dir='ltr'><strong>et</strong></span> 
     </span>
     <span class='ocr_line' id='line_1_6' title="bbox 150 819 1271 898; baseline -0.003 -15"><span class='ocrx_word' id='word_1_37' title='bbox 150 822 336 883; x_wconf 80' lang='lat' dir='ltr'><strong>Schoemann</strong></span> <span class='ocrx_word' id='word_1_38' title='bbox 364 821 404 881; x_wconf 91' lang='lat' dir='ltr'><strong>ibi</strong></span> <span class='ocrx_word' id='word_1_39' title='bbox 435 821 525 898; x_wconf 92' lang='lat' dir='ltr'><strong>pleno</strong></span> <span class='ocrx_word' id='word_1_40' title='bbox 552 819 617 879; x_wconf 90' lang='lat' dir='ltr'><strong>inre</strong></span> <span class='ocrx_word' id='word_1_41' title='bbox 648 819 786 880; x_wconf 85' lang='lat' dir='ltr'><strong>adnotat:</strong></span> <span class='ocrx_word' id='word_1_42' title='bbox 823 821 908 892; x_wconf 84' lang='lat' dir='ltr'><strong>,Non</strong></span> <span class='ocrx_word' id='word_1_43' title='bbox 932 819 1040 896; x_wconf 90' lang='lat' dir='ltr'><strong>ubique</strong></span> <span class='ocrx_word' id='word_1_44' title='bbox 1063 832 1115 879; x_wconf 84' lang='lat' dir='ltr'><strong>aut</strong></span> <span class='ocrx_word' id='word_1_45' title='bbox 1136 820 1271 898; x_wconf 84' lang='lat' dir='ltr'><strong>intellegi</strong></span> 
     </span>
     <span class='ocr_line' id='line_1_7' title="bbox 150 920 1270 1002; baseline -0.001 -19"><span class='ocrx_word' id='word_1_46' title='bbox 150 928 250 1002; x_wconf 84' lang='lat' dir='ltr'><strong>potest</strong></span> <span class='ocrx_word' id='word_1_47' title='bbox 278 928 330 982; x_wconf 85' lang='lat' dir='ltr'><strong>aut</strong></span> <span class='ocrx_word' id='word_1_48' title='bbox 352 923 460 982; x_wconf 85' lang='lat' dir='ltr'><strong>omissa</strong></span> <span class='ocrx_word' id='word_1_49' title='bbox 482 926 528 982; x_wconf 91' lang='lat' dir='ltr'><strong>est</strong></span> <span class='ocrx_word' id='word_1_50' title='bbox 556 922 607 981; x_wconf 90' lang='lat' dir='ltr'><strong>illa</strong></span> <span class='ocrx_word' id='word_1_51' title='bbox 629 940 698 998; x_wconf 90' lang='lat' dir='ltr'><strong>pars</strong></span> <span class='ocrx_word' id='word_1_52' title='bbox 722 923 866 981; x_wconf 87' lang='lat' dir='ltr'><strong>orationis</strong></span> <span class='ocrx_word' id='word_1_53' title='bbox 897 921 927 981; x_wconf 92' lang='lat' dir='ltr'><strong>in</strong></span> <span class='ocrx_word' id='word_1_54' title='bbox 951 941 1012 999; x_wconf 90' lang='lat' dir='ltr'><strong>qua</strong></span> <span class='ocrx_word' id='word_1_55' title='bbox 1035 924 1121 999; x_wconf 90' lang='lat' dir='ltr'><strong>sequi</strong></span> <span class='ocrx_word' id='word_1_56' title='bbox 1143 920 1270 982; x_wconf 84' lang='lat' dir='ltr'><strong>debebat</strong></span> 
     </span>
     <span class='ocr_line' id='line_1_8' title="bbox 151 1019 1269 1100; baseline 0 -15"><span class='ocrx_word' id='word_1_57' title='bbox 151 1019 187 1085; x_wconf 80' lang='grc' dir='ltr'><strong>δέ</strong></span> <span class='ocrx_word' id='word_1_58' title='bbox 208 1024 265 1098; x_wconf 85' lang='lat' dir='ltr'><strong>(sic</strong></span> <span class='ocrx_word' id='word_1_59' title='bbox 281 1026 432 1084; x_wconf 86' lang='lat' dir='ltr'><strong>Hermann</strong></span> <span class='ocrx_word' id='word_1_60' title='bbox 449 1024 487 1083; x_wconf 86' lang='lat' dir='ltr'><strong>ad</strong></span> <span class='ocrx_word' id='word_1_61' title='bbox 502 1023 569 1099; x_wconf 84' lang='lat' dir='ltr'><strong>Vig.</strong></span> <span class='ocrx_word' id='word_1_62' title='bbox 585 1043 612 1100; x_wconf 89' lang='lat' dir='ltr'><strong>p.</strong></span> <span class='ocrx_word' id='word_1_63' title='bbox 628 1027 700 1099; x_wconf 88' lang='lat'><strong>841,</strong></span> <span class='ocrx_word' id='word_1_64' title='bbox 722 1022 899 1100; x_wconf 88' lang='lat' dir='ltr'><strong>Hoogeveni</strong></span> <span class='ocrx_word' id='word_1_65' title='bbox 916 1023 1052 1084; x_wconf 91' lang='lat' dir='ltr'><strong>doctrina</strong></span> <span class='ocrx_word' id='word_1_66' title='bbox 1067 1025 1170 1100; x_wconf 86' lang='lat' dir='ltr'><strong>partic.</strong></span> <span class='ocrx_word' id='word_1_67' title='bbox 1186 1023 1269 1097; x_wconf 86' lang='grc'>456).</span> 
     </span>
     <span class='ocr_line' id='line_1_9' title="bbox 151 1125 1268 1204; baseline -0.002 -16"><span class='ocrx_word' id='word_1_68' title='bbox 151 1129 269 1189; x_wconf 77' lang='lat' dir='ltr'><strong>Scilicet</strong></span> <span class='ocrx_word' id='word_1_69' title='bbox 291 1127 322 1186; x_wconf 95' lang='lat' dir='ltr'><strong>hi</strong></span> <span class='ocrx_word' id='word_1_70' title='bbox 350 1127 501 1204; x_wconf 85' lang='lat' dir='ltr'><strong>propriam</strong></span> <span class='ocrx_word' id='word_1_71' title='bbox 529 1143 564 1185; x_wconf 88' lang='lat' dir='ltr'><strong>ae</strong></span> <span class='ocrx_word' id='word_1_72' title='bbox 586 1125 764 1202; x_wconf 82' lang='lat' dir='ltr'><strong>primitivam</strong></span> <span class='ocrx_word' id='word_1_73' title='bbox 791 1126 956 1202; x_wconf 81' lang='lat' dir='ltr'><strong>particulae</strong></span> <span class='ocrx_word' id='word_1_74' title='bbox 978 1126 1035 1184; x_wconf 92' lang='lat' dir='ltr'><strong>vim</strong></span> <span class='ocrx_word' id='word_1_75' title='bbox 1063 1127 1268 1186; x_wconf 79' lang='lat' dir='ltr'><strong>concessivam</strong></span> 
     </span>
     <span class='ocr_line' id='line_1_10' title="bbox 150 1216 1269 1306; baseline -0.001 -16"><span class='ocrx_word' id='word_1_76' title='bbox 150 1234 296 1305; x_wconf 90' lang='lat' dir='ltr'><strong>statuunt,</strong></span> <span class='ocrx_word' id='word_1_77' title='bbox 319 1247 397 1306; x_wconf 87' lang='lat' dir='ltr'><strong>quae</strong></span> <span class='ocrx_word' id='word_1_78' title='bbox 420 1216 621 1306; x_wconf 78' lang='grc' dir='ltr'><strong><em>βεβαιωτική</em></strong></span> <span class='ocrx_word' id='word_1_79' title='bbox 646 1229 745 1305; x_wconf 89' lang='lat' dir='ltr'><strong>potius</strong></span> <span class='ocrx_word' id='word_1_80' title='bbox 768 1228 912 1288; x_wconf 86' lang='lat' dir='ltr'><strong>videtur.“</strong></span> <span class='ocrx_word' id='word_1_81' title='bbox 962 1229 1022 1288; x_wconf 89' lang='lat' dir='ltr'><strong>lam</strong></span> <span class='ocrx_word' id='word_1_82' title='bbox 1046 1229 1140 1288; x_wconf 90' lang='lat' dir='ltr'><strong>simile</strong></span> <span class='ocrx_word' id='word_1_83' title='bbox 1163 1231 1269 1289; x_wconf 88' lang='lat' dir='ltr'><strong>oratio·</strong></span> 
     </span>
     <span class='ocr_line' id='line_1_11' title="bbox 150 1326 1268 1409; baseline -0.002 -16"><span class='ocrx_word' id='word_1_84' title='bbox 150 1335 196 1393; x_wconf 89' lang='lat' dir='ltr'><strong>nis</strong></span> <span class='ocrx_word' id='word_1_85' title='bbox 223 1334 339 1392; x_wconf 90' lang='lat' dir='ltr'><strong>initium</strong></span> <span class='ocrx_word' id='word_1_86' title='bbox 366 1331 507 1391; x_wconf 88' lang='lat' dir='ltr'><strong>habemus</strong></span> <span class='ocrx_word' id='word_1_87' title='bbox 534 1331 613 1406; x_wconf 90' lang='lat' dir='ltr'><strong>apud</strong></span> <span class='ocrx_word' id='word_1_88' title='bbox 636 1330 856 1408; x_wconf 82' lang='lat' dir='ltr'><strong>Thucydidem,</strong></span> <span class='ocrx_word' id='word_1_89' title='bbox 879 1333 1036 1403; x_wconf 84' lang='lat' dir='ltr'><strong>v168,1:</strong></span> <span class='ocrx_word' id='word_1_90' title='bbox 1070 1328 1187 1409; x_wconf 81' lang='grc' dir='ltr'><strong><em>Πολλή</em></strong></span> <span class='ocrx_word' id='word_1_91' title='bbox 1207 1326 1268 1408; x_wconf 79' lang='grc' dir='ltr'><strong>μὲν</strong></span> 
     </span>
     <span class='ocr_line' id='line_1_12' title="bbox 149 1428 1269 1514; baseline 0.001 -19"><span class='ocrx_word' id='word_1_92' title='bbox 149 1429 342 1514; x_wconf 80' lang='grc' dir='ltr'><strong><em>παραινέσει</em></strong></span> <span class='ocrx_word' id='word_1_93' title='bbox 370 1428 404 1492; x_wconf 89' lang='grc' dir='ltr'><strong><em>τί</em></strong></span> <span class='ocrx_word' id='word_1_94' title='bbox 433 1429 485 1493; x_wconf 79' lang='grc' dir='ltr'><strong>δεῖ</strong></span> <span class='ocrx_word' id='word_1_95' title='bbox 509 1430 655 1511; x_wconf 78' lang='grc' dir='ltr'><strong><em>χρῆσθαι</em></strong></span> <span class='ocrx_word' id='word_1_96' title='bbox 663 1453 674 1504; x_wconf 91' lang='grc'><strong>,·</strong></span> <span class='ocrx_word' id='word_1_97' title='bbox 710 1439 808 1493; x_wconf 90' lang='lat' dir='ltr'><strong>tamen</strong></span> <span class='ocrx_word' id='word_1_98' title='bbox 839 1452 887 1493; x_wconf 91' lang='lat' dir='ltr'><strong>res</strong></span> <span class='ocrx_word' id='word_1_99' title='bbox 915 1435 963 1493; x_wconf 90' lang='lat' dir='ltr'><strong>hic</strong></span> <span class='ocrx_word' id='word_1_100' title='bbox 993 1435 1081 1495; x_wconf 86' lang='lat' dir='ltr'><strong>aliter</strong></span> <span class='ocrx_word' id='word_1_101' title='bbox 1109 1453 1141 1495; x_wconf 91' lang='lat' dir='ltr'><strong>se</strong></span> <span class='ocrx_word' id='word_1_102' title='bbox 1172 1436 1269 1496; x_wconf 85' lang='lat' dir='ltr'><strong>habet.</strong></span> 
     </span>
     <span class='ocr_line' id='line_1_13' title="bbox 151 1534 1270 1614; baseline -0.002 -15"><span class='ocrx_word' id='word_1_103' title='bbox 151 1540 227 1599; x_wconf 86' lang='lat' dir='ltr'><strong>Nam</strong></span> <span class='ocrx_word' id='word_1_104' title='bbox 256 1536 440 1598; x_wconf 86' lang='lat' dir='ltr'><strong>confirmatio</strong></span> <span class='ocrx_word' id='word_1_105' title='bbox 471 1536 626 1596; x_wconf 88' lang='lat' dir='ltr'><strong>enuntiato</strong></span> <span class='ocrx_word' id='word_1_106' title='bbox 654 1534 870 1612; x_wconf 83' lang='lat' dir='ltr'><strong>interrogativo</strong></span> <span class='ocrx_word' id='word_1_107' title='bbox 898 1537 1045 1596; x_wconf 87' lang='lat' dir='ltr'><strong>contineri</strong></span> <span class='ocrx_word' id='word_1_108' title='bbox 1075 1555 1134 1596; x_wconf 91' lang='lat' dir='ltr'><strong>non</strong></span> <span class='ocrx_word' id='word_1_109' title='bbox 1162 1541 1270 1614; x_wconf 86' lang='lat' dir='ltr'><strong>potest,</strong></span> 
     </span>
     <span class='ocr_line' id='line_1_14' title="bbox 151 1638 1268 1717; baseline -0.004 -16"><span class='ocrx_word' id='word_1_110' title='bbox 151 1646 180 1701; x_wconf 90' lang='lat' dir='ltr'><strong>et</strong></span> <span class='ocrx_word' id='word_1_111' title='bbox 202 1639 350 1717; x_wconf 89' lang='lat' dir='ltr'><strong>oppositio</strong></span> <span class='ocrx_word' id='word_1_112' title='bbox 373 1639 444 1698; x_wconf 93' lang='lat' dir='ltr'><strong>mihi</strong></span> <span class='ocrx_word' id='word_1_113' title='bbox 466 1638 539 1697; x_wconf 86' lang='lat' dir='ltr'><strong>satis</strong></span> <span class='ocrx_word' id='word_1_114' title='bbox 561 1640 663 1714; x_wconf 88' lang='lat' dir='ltr'><strong>aperte</strong></span> <span class='ocrx_word' id='word_1_115' title='bbox 692 1639 721 1696; x_wconf 94' lang='lat' dir='ltr'><strong>in</strong></span> <span class='ocrx_word' id='word_1_116' title='bbox 745 1639 788 1697; x_wconf 90' lang='lat' dir='ltr'><strong>eis</strong></span> <span class='ocrx_word' id='word_1_117' title='bbox 816 1656 893 1714; x_wconf 89' lang='lat' dir='ltr'><strong>quae</strong></span> <span class='ocrx_word' id='word_1_118' title='bbox 916 1642 1086 1715; x_wconf 92' lang='lat' dir='ltr'><strong>sequuntur</strong></span> <span class='ocrx_word' id='word_1_119' title='bbox 1107 1640 1205 1699; x_wconf 87' lang='lat' dir='ltr'><strong>inesse</strong></span> <span class='ocrx_word' id='word_1_120' title='bbox 1228 1640 1268 1698; x_wconf 89' lang='lat' dir='ltr'><strong>vi·</strong></span> 
     </span>
     <span class='ocr_line' id='line_1_15' title="bbox 151 1722 1269 1819; baseline -0.003 -17"><span class='ocrx_word' id='word_1_121' title='bbox 151 1743 251 1802; x_wconf 90' lang='lat' dir='ltr'><strong>detur:</strong></span> <span class='ocrx_word' id='word_1_122' title='bbox 286 1724 372 1819; x_wconf 80' lang='grc' dir='ltr'><strong>αάτή</strong></span> <span class='ocrx_word' id='word_1_123' title='bbox 400 1729 463 1819; x_wconf 81' lang='grc' dir='ltr'><strong>γὰρ</strong></span> <span class='ocrx_word' id='word_1_124' title='bbox 493 1722 513 1818; x_wconf 83' lang='grc' dir='ltr'><strong><em>η</em></strong></span> <span class='ocrx_word' id='word_1_125' title='bbox 541 1729 736 1817; x_wconf 87' lang='grc' dir='ltr'><strong><em>παρασκευή</em></strong></span> <span class='ocrx_word' id='word_1_126' title='bbox 765 1729 952 1816; x_wconf 80' lang='grc' dir='ltr'><strong><em>ἱκανωτέρα</em></strong></span> <span class='ocrx_word' id='word_1_127' title='bbox 977 1755 1035 1817; x_wconf 96' lang='grc' dir='ltr'><strong><em>μοι</em></strong></span> <span class='ocrx_word' id='word_1_128' title='bbox 1065 1735 1159 1799; x_wconf 77' lang='grc' dir='ltr'><strong><em>δοκεῖ</em></strong></span> <span class='ocrx_word' id='word_1_129' title='bbox 1185 1729 1269 1799; x_wconf 81' lang='grc' dir='ltr'><strong><em>εἶναι</em></strong></span> 
     </span>
     <span class='ocr_line' id='line_1_16' title="bbox 150 1833 491 1922; baseline -0.006 -19"><span class='ocrx_word' id='word_1_130' title='bbox 150 1833 279 1922; x_wconf 75' lang='grc' dir='ltr'><strong><em>θάρσος</em></strong></span> <span class='ocrx_word' id='word_1_131' title='bbox 299 1847 491 1920; x_wconf 80' lang='grc' dir='ltr'><em>παρασχεῖν.</em></span> 
     </span>
    </p>

    <p class='ocr_par' dir='ltr' id='par_1_4' title="bbox 147 1944 1270 3048">
     <span class='ocr_line' id='line_1_17' title="bbox 234 1944 1269 2022; baseline 0.002 -16"><span class='ocrx_word' id='word_1_132' title='bbox 234 1946 328 2006; x_wconf 84' lang='lat' dir='ltr'><strong>Simili</strong></span> <span class='ocrx_word' id='word_1_133' title='bbox 345 1945 432 2006; x_wconf 93' lang='lat' dir='ltr'><strong>modo</strong></span> <span class='ocrx_word' id='word_1_134' title='bbox 457 1945 554 2004; x_wconf 88' lang='lat' dir='ltr'><strong>omnia</strong></span> <span class='ocrx_word' id='word_1_135' title='bbox 570 1945 707 2020; x_wconf 82' lang='lat' dir='ltr'><strong>exempla</strong></span> <span class='ocrx_word' id='word_1_136' title='bbox 729 1944 873 2021; x_wconf 85' lang='lat' dir='ltr'><strong>explicari</strong></span> <span class='ocrx_word' id='word_1_137' title='bbox 894 1950 1028 2022; x_wconf 87' lang='lat' dir='ltr'><strong>possunt,</strong></span> <span class='ocrx_word' id='word_1_138' title='bbox 1051 1950 1085 2006; x_wconf 89' lang='lat' dir='ltr'><strong>ut</strong></span> <span class='ocrx_word' id='word_1_139' title='bbox 1103 1944 1159 2005; x_wconf 91' lang='lat' dir='ltr'><strong>Vll</strong></span> <span class='ocrx_word' id='word_1_140' title='bbox 1176 1949 1225 2020; x_wconf 90' lang='grc'><strong>66,</strong></span> <span class='ocrx_word' id='word_1_141' title='bbox 1242 1951 1269 2021; x_wconf 88' lang='grc'><strong>1,</strong></span> 
     </span>
     <span class='ocr_line' id='line_1_18' title="bbox 149 2029 1268 2126; baseline -0.003 -18"><span class='ocrx_word' id='word_1_142' title='bbox 149 2049 200 2126; x_wconf 81' lang='lat' dir='ltr'><strong>qni</strong></span> <span class='ocrx_word' id='word_1_143' title='bbox 224 2049 309 2108; x_wconf 88' lang='lat' dir='ltr'><strong>locus</strong></span> <span class='ocrx_word' id='word_1_144' title='bbox 330 2046 395 2123; x_wconf 91' lang='lat' dir='ltr'><strong>ipse</strong></span> <span class='ocrx_word' id='word_1_145' title='bbox 422 2047 452 2106; x_wconf 90' lang='lat' dir='ltr'><strong>in</strong></span> <span class='ocrx_word' id='word_1_146' title='bbox 476 2045 616 2105; x_wconf 85' lang='lat' dir='ltr'><strong>orationis</strong></span> <span class='ocrx_word' id='word_1_147' title='bbox 639 2044 721 2106; x_wconf 84' lang='lat' dir='ltr'><strong>initio</strong></span> <span class='ocrx_word' id='word_1_148' title='bbox 749 2049 807 2105; x_wconf 86' lang='lat' dir='ltr'><strong>est:</strong></span> <span class='ocrx_word' id='word_1_149' title='bbox 832 2029 901 2104; x_wconf 76' lang='grc' dir='ltr'><strong><em>Ὅτι</em></strong></span> <span class='ocrx_word' id='word_1_150' title='bbox 922 2039 983 2121; x_wconf 79' lang='grc' dir='ltr'><strong>μὲν</strong></span> <span class='ocrx_word' id='word_1_151' title='bbox 1009 2036 1098 2104; x_wconf 86' lang='grc' dir='ltr'><strong><em>καλὰ</em></strong></span> <span class='ocrx_word' id='word_1_152' title='bbox 1122 2033 1164 2105; x_wconf 86' lang='grc' dir='ltr'><strong><em>τά</em></strong></span> <span class='ocrx_word' id='word_1_153' title='bbox 1186 2063 1268 2125; x_wconf 90' lang='grc' dir='ltr'><strong><em>προ-</em></strong></span> 
     </span>
     <span class='ocr_line' id='line_1_19' title="bbox 149 2132 1269 2230; baseline -0.003 -20"><span class='ocrx_word' id='word_1_154' title='bbox 149 2143 345 2230; x_wconf 79' lang='grc' dir='ltr'><strong><em>ειργασμένα</em></strong></span> <span class='ocrx_word' id='word_1_155' title='bbox 371 2143 427 2208; x_wconf 87' lang='grc' dir='ltr'><strong>καὶ</strong></span> <span class='ocrx_word' id='word_1_156' title='bbox 455 2132 539 2225; x_wconf 76' lang='grc' dir='ltr'><strong><em>ὑπερ</em></strong></span> <span class='ocrx_word' id='word_1_157' title='bbox 566 2144 680 2206; x_wconf 76' lang='grc' dir='ltr'><strong><em>καλοῦν</em></strong></span> <span class='ocrx_word' id='word_1_158' title='bbox 706 2141 776 2206; x_wconf 82' lang='grc' dir='ltr'><strong>τῶν</strong></span> <span class='ocrx_word' id='word_1_159' title='bbox 797 2136 994 2224; x_wconf 77' lang='grc' dir='ltr'><strong><em>μελλόντων</em></strong></span> <span class='ocrx_word' id='word_1_160' title='bbox 1021 2132 1039 2208; x_wconf 87' lang='grc' dir='ltr'>ὁ</span> <span class='ocrx_word' id='word_1_161' title='bbox 1065 2137 1156 2226; x_wconf 80' lang='grc' dir='ltr'><strong><em>ἀγοὸν</em></strong></span> <span class='ocrx_word' id='word_1_162' title='bbox 1177 2140 1269 2208; x_wconf 79' lang='grc' dir='ltr'><strong><em>ἐ’σται</em></strong></span> 
     </span>
     <span class='ocr_line' id='line_1_20' title="bbox 151 2234 1269 2329; baseline -0.001 -17"><span class='ocrx_word' id='word_1_163' title='bbox 151 2284 192 2293; x_wconf 91' lang='lat'>-</span> <span class='ocrx_word' id='word_1_164' title='bbox 214 2247 342 2312; x_wconf 73' lang='grc' dir='ltr'><strong><em>δοκεῖτε</em></strong></span> <span class='ocrx_word' id='word_1_165' title='bbox 364 2235 444 2329; x_wconf 79' lang='grc' dir='ltr'><strong><em>ἡμῖν</em></strong></span> <span class='ocrx_word' id='word_1_166' title='bbox 466 2243 598 2309; x_wconf 79' lang='grc' dir='ltr'><strong><em>εἰδέναι.</em></strong></span> <span class='ocrx_word' id='word_1_167' title='bbox 645 2250 801 2327; x_wconf 89' lang='lat' dir='ltr'><strong>Oppositio</strong></span> <span class='ocrx_word' id='word_1_168' title='bbox 829 2234 882 2310; x_wconf 81' lang='grc' dir='ltr'><strong><em>ὅτι</em></strong></span> <span class='ocrx_word' id='word_1_169' title='bbox 905 2243 941 2309; x_wconf 76' lang='grc' dir='ltr'><strong>δὲ</strong></span> <span class='ocrx_word' id='word_1_170' title='bbox 969 2245 1024 2311; x_wconf 87' lang='grc' dir='ltr'><strong>καὶ</strong></span> <span class='ocrx_word' id='word_1_171' title='bbox 1047 2239 1194 2329; x_wconf 78' lang='grc' dir='ltr'><strong><em>νικήσειν</em></strong></span> <span class='ocrx_word' id='word_1_172' title='bbox 1216 2244 1269 2311; x_wconf 80' lang='grc' dir='ltr'><strong>ἐλ-</strong></span> 
     </span>
     <span class='ocr_line' id='line_1_21' title="bbox 150 2346 1268 2430; baseline -0.001 -15"><span class='ocrx_word' id='word_1_173' title='bbox 150 2350 208 2426; x_wconf 81' lang='grc' dir='ltr'><strong>πίς</strong></span> <span class='ocrx_word' id='word_1_174' title='bbox 230 2347 298 2414; x_wconf 81' lang='grc' dir='ltr'><strong><em>ἐστι</em></strong></span> <span class='ocrx_word' id='word_1_175' title='bbox 320 2349 383 2412; x_wconf 82' lang='grc' dir='ltr'><strong>νῦν</strong></span> <span class='ocrx_word' id='word_1_176' title='bbox 407 2346 505 2428; x_wconf 78' lang='grc' dir='ltr'><strong><em>δείξω</em></strong></span> <span class='ocrx_word' id='word_1_177' title='bbox 527 2352 678 2413; x_wconf 87' lang='lat' dir='ltr'><strong>audienda</strong></span> <span class='ocrx_word' id='word_1_178' title='bbox 701 2357 746 2412; x_wconf 90' lang='lat' dir='ltr'><strong>est</strong></span> <span class='ocrx_word' id='word_1_179' title='bbox 774 2371 811 2412; x_wconf 84' lang='lat' dir='ltr'><strong>ex</strong></span> <span class='ocrx_word' id='word_1_180' title='bbox 834 2353 934 2414; x_wconf 89' lang='lat' dir='ltr'><strong>verbis</strong></span> <span class='ocrx_word' id='word_1_181' title='bbox 961 2354 1143 2430; x_wconf 76' lang='lat' dir='ltr'><strong>paragraphi</strong></span> <span class='ocrx_word' id='word_1_182' title='bbox 1164 2372 1268 2414; x_wconf 87' lang='lat' dir='ltr'><strong>secun·</strong></span> 
     </span>
     <span class='ocr_line' id='line_1_22' title="bbox 150 2441 1269 2536; baseline -0.005 -17"><span class='ocrx_word' id='word_1_183' title='bbox 150 2459 222 2518; x_wconf 87' lang='lat' dir='ltr'><strong>dae:</strong></span> <span class='ocrx_word' id='word_1_184' title='bbox 262 2441 459 2536; x_wconf 65' lang='grc' dir='ltr'><strong><em>Ἀθηναίους</em></strong></span> <span class='ocrx_word' id='word_1_185' title='bbox 489 2443 551 2532; x_wconf 81' lang='grc' dir='ltr'><strong>γὰρ</strong></span> <span class='ocrx_word' id='word_1_186' title='bbox 580 2441 640 2526; x_wconf 89' lang='grc' dir='ltr'><strong>τάς</strong></span> <span class='ocrx_word' id='word_1_187' title='bbox 667 2447 727 2531; x_wconf 76' lang='grc' dir='ltr'><strong>μὲν</strong></span> <span class='ocrx_word' id='word_1_188' title='bbox 756 2445 954 2533; x_wconf 83' lang='grc' dir='ltr'><strong>νενικήκατε</strong></span> <span class='ocrx_word' id='word_1_189' title='bbox 983 2444 1048 2534; x_wconf 78' lang='grc' dir='ltr'><strong>ἤδη</strong></span> <span class='ocrx_word' id='word_1_190' title='bbox 1078 2449 1269 2533; x_wconf 84' lang='grc' dir='ltr'><strong><em>ναυμαχίας,</em></strong></span> 
     </span>
     <span class='ocr_line' id='line_1_23' title="bbox 150 2542 1268 2636; baseline -0.002 -18"><span class='ocrx_word' id='word_1_191' title='bbox 150 2545 212 2634; x_wconf 83' lang='grc' dir='ltr'><strong>τήν</strong></span> <span class='ocrx_word' id='word_1_192' title='bbox 235 2544 269 2618; x_wconf 82' lang='lat' dir='ltr'><strong>d&#39;</strong></span> <span class='ocrx_word' id='word_1_193' title='bbox 284 2551 321 2617; x_wconf 82' lang='grc' dir='ltr'><strong>ἐκ</strong></span> <span class='ocrx_word' id='word_1_194' title='bbox 342 2553 405 2616; x_wconf 84' lang='grc' dir='ltr'><strong>τοῦ</strong></span> <span class='ocrx_word' id='word_1_195' title='bbox 422 2542 553 2627; x_wconf 86' lang='grc' dir='ltr'><strong><em>εἰκότος</em></strong></span> <span class='ocrx_word' id='word_1_196' title='bbox 568 2553 632 2615; x_wconf 85' lang='grc' dir='ltr'><strong>νῦν</strong></span> <span class='ocrx_word' id='word_1_197' title='bbox 648 2547 807 2636; x_wconf 77' lang='grc' dir='ltr'><strong><em>νικήσετε.</em></strong></span> <span class='ocrx_word' id='word_1_198' title='bbox 832 2589 873 2597; x_wconf 90' lang='grc'>-</span> <span class='ocrx_word' id='word_1_199' title='bbox 895 2559 939 2618; x_wconf 92' lang='grc' dir='ltr'><strong>ΠΙ</strong></span> <span class='ocrx_word' id='word_1_200' title='bbox 955 2562 984 2635; x_wconf 85' lang='grc'><strong>9,</strong></span> <span class='ocrx_word' id='word_1_201' title='bbox 1001 2563 1033 2619; x_wconf 90' lang='lat'><strong>1:</strong></span> <span class='ocrx_word' id='word_1_202' title='bbox 1055 2547 1095 2616; x_wconf 84' lang='grc' dir='ltr'><strong>τὸ</strong></span> <span class='ocrx_word' id='word_1_203' title='bbox 1108 2551 1170 2636; x_wconf 82' lang='grc' dir='ltr'><strong>μὲν</strong></span> <span class='ocrx_word' id='word_1_204' title='bbox 1185 2557 1268 2617; x_wconf 76' lang='grc' dir='ltr'><strong><em>καθ-</em></strong></span> 
     </span>
     <span class='ocr_line' id='line_1_24' title="bbox 151 2644 1268 2739; baseline -0.001 -19"><span class='ocrx_word' id='word_1_205' title='bbox 151 2652 243 2731; x_wconf 83' lang='grc' dir='ltr'><strong><em>εστὸς</em></strong></span> <span class='ocrx_word' id='word_1_206' title='bbox 265 2666 336 2731; x_wconf 79' lang='grc' dir='ltr'><strong><em>τοῖς</em></strong></span> <span class='ocrx_word' id='word_1_207' title='bbox 351 2644 482 2739; x_wconf 80' lang='grc' dir='ltr'><strong><em>Ἕλλησι</em></strong></span> <span class='ocrx_word' id='word_1_208' title='bbox 504 2647 704 2736; x_wconf 90' lang='grc' dir='ltr'><strong><em>νόμιμον-</em></strong></span> <span class='ocrx_word' id='word_1_209' title='bbox 719 2651 824 2737; x_wconf 71' lang='grc' dir='ltr'><strong><em>ἰ’σμενς</em></strong></span> <span class='ocrx_word' id='word_1_210' title='bbox 851 2661 999 2736; x_wconf 88' lang='lat' dir='ltr'><strong>oppositio</strong></span> <span class='ocrx_word' id='word_1_211' title='bbox 1020 2662 1189 2722; x_wconf 88' lang='lat' dir='ltr'><strong>continetur</strong></span> <span class='ocrx_word' id='word_1_212' title='bbox 1204 2679 1268 2720; x_wconf 91' lang='lat' dir='ltr'><strong>ver-</strong></span> 
     </span>
     <span class='ocr_line' id='line_1_25' title="bbox 150 2747 1270 2842; baseline -0.004 -17"><span class='ocrx_word' id='word_1_213' title='bbox 150 2767 207 2825; x_wconf 87' lang='lat' dir='ltr'><strong>bis:</strong></span> <span class='ocrx_word' id='word_1_214' title='bbox 230 2748 249 2824; x_wconf 77' lang='grc' dir='ltr'><em>ὃ</em></span> <span class='ocrx_word' id='word_1_215' title='bbox 271 2747 428 2842; x_wconf 77' lang='grc' dir='ltr'><strong><em>ἡμῖνκαὶ</em></strong></span> <span class='ocrx_word' id='word_1_216' title='bbox 449 2747 636 2841; x_wconf 66' lang='grc' dir='ltr'><strong><em>Ἀθηναίοις</em></strong></span> <span class='ocrx_word' id='word_1_217' title='bbox 658 2747 723 2821; x_wconf 78' lang='grc' dir='ltr'><strong>οὐκ</strong></span> <span class='ocrx_word' id='word_1_218' title='bbox 745 2747 795 2840; x_wconf 78' lang='grc' dir='ltr'><strong>ἢν.</strong></span> <span class='ocrx_word' id='word_1_219' title='bbox 841 2763 936 2822; x_wconf 81' lang='lat' dir='ltr'><strong>Etiam</strong></span> <span class='ocrx_word' id='word_1_220' title='bbox 959 2763 1091 2841; x_wconf 80' lang='lat'><strong>1109,2</strong></span> <span class='ocrx_word' id='word_1_221' title='bbox 1114 2762 1208 2822; x_wconf 84' lang='lat' dir='ltr'><strong>verba</strong></span> <span class='ocrx_word' id='word_1_222' title='bbox 1230 2750 1270 2821; x_wconf 81' lang='grc' dir='ltr'><strong>τὸ</strong></span> 
     </span>
     <span class='ocr_line' id='line_1_26' title="bbox 147 2850 1270 2944; baseline -0.001 -19"><span class='ocrx_word' id='word_1_223' title='bbox 147 2860 208 2944; x_wconf 76' lang='grc' dir='ltr'><strong>μὲν</strong></span> <span class='ocrx_word' id='word_1_224' title='bbox 240 2850 303 2944; x_wconf 83' lang='grc' dir='ltr'><strong>γὰρ</strong></span> <span class='ocrx_word' id='word_1_225' title='bbox 334 2860 474 2942; x_wconf 75' lang='grc' dir='ltr'><strong><em>πρῶτον</em></strong></span> <span class='ocrx_word' id='word_1_226' title='bbox 505 2852 671 2942; x_wconf 78' lang='grc' dir='ltr'><strong><em>ἐκράτουν</em></strong></span> <span class='ocrx_word' id='word_1_227' title='bbox 701 2880 768 2922; x_wconf 86' lang='grc' dir='ltr'><strong><em>κτε.</em></strong></span> <span class='ocrx_word' id='word_1_228' title='bbox 802 2865 1017 2942; x_wconf 89' lang='lat' dir='ltr'><strong>oppositionem</strong></span> <span class='ocrx_word' id='word_1_229' title='bbox 1050 2868 1189 2925; x_wconf 86' lang='lat' dir='ltr'><strong>accurate</strong></span> <span class='ocrx_word' id='word_1_230' title='bbox 1220 2883 1270 2924; x_wconf 88' lang='lat' dir='ltr'><strong>ex·</strong></span> 
     </span>
     <span class='ocr_line' id='line_1_27' title="bbox 149 2950 1270 3048; baseline -0.005 -18"><span class='ocrx_word' id='word_1_231' title='bbox 149 2987 282 3048; x_wconf 88' lang='lat' dir='ltr'><strong>pressam</strong></span> <span class='ocrx_word' id='word_1_232' title='bbox 306 2986 365 3028; x_wconf 89' lang='lat' dir='ltr'><strong>uon</strong></span> <span class='ocrx_word' id='word_1_233' title='bbox 381 2967 543 3044; x_wconf 88' lang='lat' dir='ltr'><strong>accipiunt,</strong></span> <span class='ocrx_word' id='word_1_234' title='bbox 566 2966 743 3026; x_wconf 90' lang='lat' dir='ltr'><strong>subauditur</strong></span> <span class='ocrx_word' id='word_1_235' title='bbox 759 2971 857 3026; x_wconf 84' lang='lat' dir='ltr'><strong>autem</strong></span> <span class='ocrx_word' id='word_1_236' title='bbox 881 2967 911 3026; x_wconf 90' lang='lat' dir='ltr'><strong>in</strong></span> <span class='ocrx_word' id='word_1_237' title='bbox 934 2968 992 3027; x_wconf 91' lang='lat' dir='ltr'><strong>his:</strong></span> <span class='ocrx_word' id='word_1_238' title='bbox 1015 2950 1052 3037; x_wconf 77' lang='grc' dir='ltr'><strong>ὃς</strong></span> <span class='ocrx_word' id='word_1_239' title='bbox 1069 2952 1270 3043; x_wconf 79' lang='grc' dir='ltr'><strong><em>ἀφικόμενος</em></strong></span> 
     </span>
    </p>

    <p class='ocr_par' dir='ltr' id='par_1_5' title="bbox 59 3055 1270 4276">
     <span class='ocr_line' id='line_1_28' title="bbox 109 3055 1270 3155; baseline -0.002 -25"><span class='ocrx_word' id='word_1_240' title='bbox 109 3151 111 3155; x_wconf 21' lang='lat'><em>⁴</em></span> <span class='ocrx_word' id='word_1_241' title='bbox 148 3102 189 3112; x_wconf 91' lang='lat'><em>-</em></span> <span class='ocrx_word' id='word_1_242' title='bbox 216 3059 386 3150; x_wconf 79' lang='grc' dir='ltr'><strong><em>ἐκράτησε.</em></strong></span> <span class='ocrx_word' id='word_1_243' title='bbox 437 3070 591 3144; x_wconf 78' lang='lat' dir='ltr'><strong>1V73‚4</strong></span> <span class='ocrx_word' id='word_1_244' title='bbox 618 3069 732 3130; x_wconf 86' lang='lat' dir='ltr'><strong>verbis:</strong></span> <span class='ocrx_word' id='word_1_245' title='bbox 767 3055 859 3128; x_wconf 76' lang='grc' dir='ltr'><strong><em>οὕτω</em></strong></span> <span class='ocrx_word' id='word_1_246' title='bbox 888 3059 927 3147; x_wconf 84' lang='grc' dir='ltr'><strong>δή</strong></span> <span class='ocrx_word' id='word_1_247' title='bbox 957 3065 1008 3149; x_wconf 76' lang='grc' dir='ltr'><strong>τῷ</strong></span> <span class='ocrx_word' id='word_1_248' title='bbox 1036 3062 1096 3147; x_wconf 74' lang='grc' dir='ltr'><strong>μὲν</strong></span> <span class='ocrx_word' id='word_1_249' title='bbox 1122 3065 1270 3150; x_wconf 78' lang='grc' dir='ltr'><strong><em>Βρασίδᾳ</em></strong></span> 
     </span>
     <span class='ocr_line' id='line_1_29' title="bbox 59 3156 1269 3252; baseline -0.002 -19"><span class='ocrx_word' id='word_1_250' title='bbox 59 3175 64 3184; x_wconf 90' lang='grc'><strong><em>’</em></strong></span> <span class='ocrx_word' id='word_1_251' title='bbox 148 3159 241 3252; x_wconf 74' lang='grc' dir='ltr'><strong><em>αὐτῷ</em></strong></span> <span class='ocrx_word' id='word_1_252' title='bbox 264 3205 305 3213; x_wconf 93' lang='grc'>-</span> <span class='ocrx_word' id='word_1_253' title='bbox 328 3156 501 3250; x_wconf 81' lang='grc' dir='ltr'><strong><em>ἀνοίγουσι</em></strong></span> <span class='ocrx_word' id='word_1_254' title='bbox 522 3158 582 3243; x_wconf 82' lang='grc' dir='ltr'><strong>τὰς</strong></span> <span class='ocrx_word' id='word_1_255' title='bbox 603 3160 714 3242; x_wconf 82' lang='grc' dir='ltr'><strong><em>πύλας</em></strong></span> <span class='ocrx_word' id='word_1_256' title='bbox 740 3173 963 3248; x_wconf 88' lang='lat' dir='ltr'><strong>responsionem</strong></span> <span class='ocrx_word' id='word_1_257' title='bbox 985 3173 1087 3249; x_wconf 83' lang='lat' dir='ltr'><strong>sequi:</strong></span> <span class='ocrx_word' id='word_1_258' title='bbox 1118 3163 1151 3230; x_wconf 80' lang='grc' dir='ltr'><strong>οἱ</strong></span> <span class='ocrx_word' id='word_1_259' title='bbox 1174 3165 1209 3230; x_wconf 82' lang='grc' dir='ltr'><strong>δὲ</strong></span> <span class='ocrx_word' id='word_1_260' title='bbox 1232 3163 1269 3230; x_wconf 83' lang='grc' dir='ltr'><strong>ἐν</strong></span> 
     </span>
     <span class='ocr_line' id='line_1_30' title="bbox 149 3262 1268 3353; baseline 0 -18"><span class='ocrx_word' id='word_1_261' title='bbox 149 3273 189 3353; x_wconf 82' lang='grc' dir='ltr'><strong>τή</strong></span> <span class='ocrx_word' id='word_1_262' title='bbox 211 3264 372 3334; x_wconf 86' lang='grc' dir='ltr'><strong><em>πόλει-</em></strong></span> <span class='ocrx_word' id='word_1_263' title='bbox 393 3262 577 3352; x_wconf 84' lang='grc' dir='ltr'><strong><em>κατάγουσι</em></strong></span> <span class='ocrx_word' id='word_1_264' title='bbox 595 3263 683 3344; x_wconf 76' lang='grc' dir='ltr'><strong><em>,τοὺς</em></strong></span> <span class='ocrx_word' id='word_1_265' title='bbox 710 3265 747 3331; x_wconf 81' lang='grc' dir='ltr'><strong>ἐκ</strong></span> <span class='ocrx_word' id='word_1_266' title='bbox 769 3269 894 3352; x_wconf 80' lang='grc' dir='ltr'><strong><em>Πηγῶν</em></strong></span> <span class='ocrx_word' id='word_1_267' title='bbox 922 3273 997 3333; x_wconf 90' lang='lat' dir='ltr'><strong>vidit</strong></span> <span class='ocrx_word' id='word_1_268' title='bbox 1023 3275 1079 3334; x_wconf 83' lang='lat' dir='ltr'><strong>iam</strong></span> <span class='ocrx_word' id='word_1_269' title='bbox 1107 3273 1268 3348; x_wconf 85' lang='lat' dir='ltr'><strong>Haackius,</strong></span> 
     </span>
     <span class='ocr_line' id='line_1_31' title="bbox 150 3369 1267 3454; baseline -0.003 -16"><span class='ocrx_word' id='word_1_270' title='bbox 150 3372 186 3438; x_wconf 82' lang='grc' dir='ltr'><strong>δέ</strong></span> <span class='ocrx_word' id='word_1_271' title='bbox 207 3383 305 3440; x_wconf 86' lang='lat' dir='ltr'><strong>autem</strong></span> <span class='ocrx_word' id='word_1_272' title='bbox 328 3377 425 3453; x_wconf 89' lang='lat' dir='ltr'><strong>ipsum</strong></span> <span class='ocrx_word' id='word_1_273' title='bbox 453 3394 513 3436; x_wconf 89' lang='lat' dir='ltr'><strong>nou</strong></span> <span class='ocrx_word' id='word_1_274' title='bbox 540 3375 578 3435; x_wconf 91' lang='lat' dir='ltr'><strong>ad</strong></span> <span class='ocrx_word' id='word_1_275' title='bbox 601 3375 673 3435; x_wconf 90' lang='lat' dir='ltr'><strong>illud</strong></span> <span class='ocrx_word' id='word_1_276' title='bbox 692 3369 753 3453; x_wconf 84' lang='grc' dir='ltr'><strong>μέν</strong></span> <span class='ocrx_word' id='word_1_277' title='bbox 780 3377 917 3454; x_wconf 90' lang='lat' dir='ltr'><strong>respicit,</strong></span> <span class='ocrx_word' id='word_1_278' title='bbox 946 3376 998 3437; x_wconf 89' lang='lat' dir='ltr'><strong>sed</strong></span> <span class='ocrx_word' id='word_1_279' title='bbox 1025 3376 1064 3436; x_wconf 85' lang='lat' dir='ltr'><strong>ad</strong></span> <span class='ocrx_word' id='word_1_280' title='bbox 1086 3377 1188 3453; x_wconf 88' lang='lat' dir='ltr'><strong>priora</strong></span> <span class='ocrx_word' id='word_1_281' title='bbox 1216 3395 1267 3435; x_wconf 85' lang='lat' dir='ltr'><strong>an·</strong></span> 
     </span>
     <span class='ocr_line' id='line_1_32' title="bbox 149 3463 1269 3558; baseline -0.004 -17"><span class='ocrx_word' id='word_1_282' title='bbox 149 3482 250 3542; x_wconf 83' lang='lat' dir='ltr'><strong>nectit</strong></span> <span class='ocrx_word' id='word_1_283' title='bbox 292 3480 430 3541; x_wconf 84' lang='lat' dir='ltr'><strong>Similiter</strong></span> <span class='ocrx_word' id='word_1_284' title='bbox 452 3479 480 3538; x_wconf 92' lang='grc' dir='ltr'>Π</span> <span class='ocrx_word' id='word_1_285' title='bbox 497 3483 546 3556; x_wconf 82' lang='lat'><strong>74,</strong></span> <span class='ocrx_word' id='word_1_286' title='bbox 561 3482 596 3538; x_wconf 82' lang='lat'><strong>2:</strong></span> <span class='ocrx_word' id='word_1_287' title='bbox 625 3474 764 3556; x_wconf 81' lang='grc' dir='ltr'><strong><em>πρῶτον</em></strong></span> <span class='ocrx_word' id='word_1_288' title='bbox 785 3473 848 3556; x_wconf 83' lang='grc' dir='ltr'><strong>μὲν</strong></span> <span class='ocrx_word' id='word_1_289' title='bbox 866 3472 899 3551; x_wconf 79' lang='grc' dir='ltr'><strong>ἐς</strong></span> <span class='ocrx_word' id='word_1_290' title='bbox 914 3472 1155 3558; x_wconf 79' lang='grc' dir='ltr'><strong><em>ἐπιμαρτυρίαν</em></strong></span> <span class='ocrx_word' id='word_1_291' title='bbox 1170 3463 1269 3557; x_wconf 66' lang='grc' dir='ltr'><strong><em>Ἀρχί-</em></strong></span> 
     </span>
     <span class='ocr_line' id='line_1_33' title="bbox 149 3566 1269 3661; baseline -0.004 -18"><span class='ocrx_word' id='word_1_292' title='bbox 149 3578 251 3660; x_wconf 81' lang='grc' dir='ltr'><strong><em>δαμος</em></strong></span> <span class='ocrx_word' id='word_1_293' title='bbox 275 3611 313 3623; x_wconf 92' lang='grc'><strong>-</strong></span> <span class='ocrx_word' id='word_1_294' title='bbox 335 3575 479 3660; x_wconf 85' lang='grc' dir='ltr'><strong><em>κατέστη</em></strong></span> <span class='ocrx_word' id='word_1_295' title='bbox 501 3610 552 3638; x_wconf 89' lang='grc'><strong>-.</strong></span> <span class='ocrx_word' id='word_1_296' title='bbox 599 3577 751 3640; x_wconf 82' lang='grc' dir='ltr'><strong><em>Τοσαῦτα</em></strong></span> <span class='ocrx_word' id='word_1_297' title='bbox 773 3566 967 3652; x_wconf 77' lang='grc' dir='ltr'><strong><em>ἐπιθειάσας</em></strong></span> <span class='ocrx_word' id='word_1_298' title='bbox 988 3575 1129 3661; x_wconf 86' lang='grc' dir='ltr'><strong><em>κατέστη</em></strong></span> <span class='ocrx_word' id='word_1_299' title='bbox 1153 3573 1186 3652; x_wconf 83' lang='grc' dir='ltr'><strong>ἒς</strong></span> <span class='ocrx_word' id='word_1_300' title='bbox 1206 3569 1269 3640; x_wconf 88' lang='grc' dir='ltr'><strong>πό-</strong></span> 
     </span>
     <span class='ocr_line' id='line_1_34' title="bbox 149 3673 1267 3762; baseline -0.002 -19"><span class='ocrx_word' id='word_1_301' title='bbox 149 3683 251 3762; x_wconf 84' lang='grc' dir='ltr'><strong><em>λεμον</em></strong></span> <span class='ocrx_word' id='word_1_302' title='bbox 273 3700 339 3742; x_wconf 91' lang='grc' dir='ltr'><strong><em>κτε.</em></strong></span> <span class='ocrx_word' id='word_1_303' title='bbox 384 3683 506 3744; x_wconf 86' lang='lat' dir='ltr'><strong>Plenius</strong></span> <span class='ocrx_word' id='word_1_304' title='bbox 522 3681 659 3743; x_wconf 83' lang='lat' dir='ltr'><strong>dixisset:</strong></span> <span class='ocrx_word' id='word_1_305' title='bbox 688 3676 908 3761; x_wconf 77' lang='grc' dir='ltr'><strong><em>τοσαῦταμὲν</em></strong></span> <span class='ocrx_word' id='word_1_306' title='bbox 924 3675 1129 3755; x_wconf 75' lang='grc' dir='ltr'><strong><em>ὲπεθείασεν,</em></strong></span> <span class='ocrx_word' id='word_1_307' title='bbox 1154 3673 1267 3742; x_wconf 80' lang='grc' dir='ltr'><strong><em>ἐ’πειτα</em></strong></span> 
     </span>
     <span class='ocr_line' id='line_1_35' title="bbox 147 3770 1269 3866; baseline -0.002 -20"><span class='ocrx_word' id='word_1_308' title='bbox 147 3781 298 3866; x_wconf 84' lang='grc' dir='ltr'><strong><em>κατέστη.</em></strong></span> <span class='ocrx_word' id='word_1_309' title='bbox 322 3817 364 3826; x_wconf 91' lang='grc'>-</span> <span class='ocrx_word' id='word_1_310' title='bbox 386 3787 399 3845; x_wconf 96' lang='lat' dir='ltr'>I</span> <span class='ocrx_word' id='word_1_311' title='bbox 421 3790 503 3863; x_wconf 89' lang='lat'><strong>10,1</strong></span> <span class='ocrx_word' id='word_1_312' title='bbox 528 3790 595 3862; x_wconf 91' lang='lat' dir='ltr'><strong>post</strong></span> <span class='ocrx_word' id='word_1_313' title='bbox 617 3785 724 3846; x_wconf 88' lang='lat' dir='ltr'><strong>verba:</strong></span> <span class='ocrx_word' id='word_1_314' title='bbox 748 3781 813 3845; x_wconf 82' lang='lat' dir='ltr'><strong>Kal</strong></span> <span class='ocrx_word' id='word_1_315' title='bbox 834 3770 960 3864; x_wconf 78' lang='grc' dir='ltr'><strong><em>ὅτιμὲν</em></strong></span> <span class='ocrx_word' id='word_1_316' title='bbox 976 3782 1133 3863; x_wconf 84' lang='grc' dir='ltr'><strong><em>Μυκῆναι</em></strong></span> <span class='ocrx_word' id='word_1_317' title='bbox 1148 3775 1269 3863; x_wconf 81' lang='grc' dir='ltr'><strong><em>μικρὸν</em></strong></span> 
     </span>
     <span class='ocr_line' id='line_1_36' title="bbox 147 3869 1268 3969; baseline -0.002 -20"><span class='ocrx_word' id='word_1_318' title='bbox 147 3869 190 3968; x_wconf 82' lang='grc' dir='ltr'><strong>ἦν</strong></span> <span class='ocrx_word' id='word_1_319' title='bbox 212 3921 255 3930; x_wconf 98' lang='grc'>-</span> <span class='ocrx_word' id='word_1_320' title='bbox 277 3875 339 3948; x_wconf 74' lang='grc' dir='ltr'><strong>οὐκ</strong></span> <span class='ocrx_word' id='word_1_321' title='bbox 369 3873 499 3967; x_wconf 80' lang='grc' dir='ltr'><strong><em>ἀκριβεῖ</em></strong></span> <span class='ocrx_word' id='word_1_322' title='bbox 525 3876 568 3947; x_wconf 84' lang='grc' dir='ltr'><strong>ἄν</strong></span> <span class='ocrx_word' id='word_1_323' title='bbox 590 3905 640 3959; x_wconf 89' lang='grc' dir='ltr'><strong><em>τις</em></strong></span> <span class='ocrx_word' id='word_1_324' title='bbox 664 3919 703 3928; x_wconf 96' lang='lat'><strong>—-</strong></span> <span class='ocrx_word' id='word_1_325' title='bbox 727 3872 883 3968; x_wconf 74' lang='grc' dir='ltr'><strong><em>ἀπιστοίη</em></strong></span> <span class='ocrx_word' id='word_1_326' title='bbox 909 3888 1092 3969; x_wconf 84' lang='lat' dir='ltr'><strong>respondere</strong></span> <span class='ocrx_word' id='word_1_327' title='bbox 1121 3888 1195 3960; x_wconf 78' lang='lat' dir='ltr'><strong>§3z</strong></span> <span class='ocrx_word' id='word_1_328' title='bbox 1227 3873 1268 3947; x_wconf 77' lang='grc' dir='ltr'><strong>οὐ</strong></span> 
     </span>
     <span class='ocr_line' id='line_1_37' title="bbox 147 3977 1267 4072; baseline 0 -20"><span class='ocrx_word' id='word_1_329' title='bbox 147 4023 188 4034; x_wconf 91' lang='lat'>-</span> <span class='ocrx_word' id='word_1_330' title='bbox 204 3989 333 4072; x_wconf 83' lang='grc' dir='ltr'><strong><em>μᾶλλον</em></strong></span> <span class='ocrx_word' id='word_1_331' title='bbox 349 3998 489 4052; x_wconf 81' lang='grc' dir='ltr'><strong><em>σκοπεῖν</em></strong></span> <span class='ocrx_word' id='word_1_332' title='bbox 504 3977 524 4071; x_wconf 76' lang='grc' dir='ltr'><strong><em>ἢ</em></strong></span> <span class='ocrx_word' id='word_1_333' title='bbox 539 3981 598 4062; x_wconf 81' lang='grc' dir='ltr'><strong>τὰς</strong></span> <span class='ocrx_word' id='word_1_334' title='bbox 614 3980 770 4069; x_wconf 75' lang='grc' dir='ltr'><strong><em>δυνάμεις</em></strong></span> <span class='ocrx_word' id='word_1_335' title='bbox 792 3997 874 4052; x_wconf 91' lang='lat' dir='ltr'><strong>recte</strong></span> <span class='ocrx_word' id='word_1_336' title='bbox 889 3992 963 4052; x_wconf 88' lang='lat' dir='ltr'><strong>vidit</strong></span> <span class='ocrx_word' id='word_1_337' title='bbox 977 3994 1124 4069; x_wconf 84' lang='lat' dir='ltr'><strong>Krueger.</strong></span> <span class='ocrx_word' id='word_1_338' title='bbox 1162 3995 1267 4052; x_wconf 72' lang='lat' dir='ltr'><strong>Baium-</strong></span> 
     </span>
     <span class='ocr_line' id='line_1_38' title="bbox 148 4086 1267 4171; baseline -0.002 -17"><span class='ocrx_word' id='word_1_339' title='bbox 148 4096 238 4156; x_wconf 92' lang='lat' dir='ltr'><strong>leinio</strong></span> <span class='ocrx_word' id='word_1_340' title='bbox 261 4094 414 4155; x_wconf 86' lang='lat' dir='ltr'><strong>collocatio</strong></span> <span class='ocrx_word' id='word_1_341' title='bbox 437 4094 602 4171; x_wconf 87' lang='lat' dir='ltr'><strong>particulae</strong></span> <span class='ocrx_word' id='word_1_342' title='bbox 621 4086 683 4170; x_wconf 80' lang='grc' dir='ltr'><strong>μέν</strong></span> <span class='ocrx_word' id='word_1_343' title='bbox 705 4093 861 4171; x_wconf 88' lang='lat' dir='ltr'><strong>scrupulos</strong></span> <span class='ocrx_word' id='word_1_344' title='bbox 877 4112 996 4155; x_wconf 88' lang='lat' dir='ltr'><strong>movere</strong></span> <span class='ocrx_word' id='word_1_345' title='bbox 1018 4113 1077 4155; x_wconf 92' lang='lat' dir='ltr'><strong>non</strong></span> <span class='ocrx_word' id='word_1_346' title='bbox 1094 4094 1207 4171; x_wconf 86' lang='lat' dir='ltr'><strong>debuit,</strong></span> <span class='ocrx_word' id='word_1_347' title='bbox 1229 4095 1267 4155; x_wconf 85' lang='lat' dir='ltr'><strong>cf.</strong></span> 
     </span>
     <span class='ocr_line' id='line_1_39' title="bbox 149 4182 1153 4276; baseline -0.003 -18"><span class='ocrx_word' id='word_1_348' title='bbox 149 4197 318 4276; x_wconf 86' lang='lat' dir='ltr'><strong>exemplum</strong></span> <span class='ocrx_word' id='word_1_349' title='bbox 342 4197 422 4274; x_wconf 89' lang='lat' dir='ltr'><strong>qnod</strong></span> <span class='ocrx_word' id='word_1_350' title='bbox 445 4196 532 4256; x_wconf 92' lang='lat' dir='ltr'><strong>modo</strong></span> <span class='ocrx_word' id='word_1_351' title='bbox 555 4195 651 4274; x_wconf 89' lang='lat' dir='ltr'><strong>attuli,</strong></span> <span class='ocrx_word' id='word_1_352' title='bbox 670 4198 725 4256; x_wconf 94' lang='lat' dir='ltr'><strong>Vll</strong></span> <span class='ocrx_word' id='word_1_353' title='bbox 743 4200 796 4258; x_wconf 86' lang='lat'><strong>66:</strong></span> <span class='ocrx_word' id='word_1_354' title='bbox 821 4182 873 4255; x_wconf 84' lang='grc' dir='ltr'><strong><em>ὅτι</em></strong></span> <span class='ocrx_word' id='word_1_355' title='bbox 894 4190 956 4274; x_wconf 82' lang='grc' dir='ltr'><strong>μὲν</strong></span> <span class='ocrx_word' id='word_1_356' title='bbox 980 4185 1066 4256; x_wconf 87' lang='grc' dir='ltr'><strong><em>καλά</em></strong></span> <span class='ocrx_word' id='word_1_357' title='bbox 1087 4214 1153 4255; x_wconf 90' lang='grc' dir='ltr'><strong><em>κτε.</em></strong></span> 
     </span>
    </p>
   </div>
   <div class='ocr_carea' id='block_1_3' title="bbox 0 0 1426 4620">
    <p class='ocr_par' dir='ltr' id='par_1_6' title="bbox 0 0 1426 4620">
     <span class='ocr_line' id='line_1_40' title="bbox 0 0 1426 4620; baseline 0 0"><span class='ocrx_word' id='word_1_358' title='bbox 0 0 1426 4620; x_wconf 95' lang='lat' dir='ltr'><strong> </strong></span> 
     </span>
    </p>
   </div>
  </div>
 </body>
</html>
